2090 3362
121 230 189 264 IV.
217 215 418 279 251-297]
536 216 687 263 THE
724 215 1065 264 SHORTER
1100 215 1378 263 AENEID
1734 230 1794 278 53

121 346 499 414 Praecipitant
523 346 686 409 seniS‚
710 354 767 398 et
792 345 972 413 glacie
997 345 1142 413 riget
1167 345 1393 397 horrida
1419 345 1606 397 barba.

122 429 233 480 Hic
259 430 499 497 primum
528 429 754 497 paribus
781 429 963 480 nitens
992 428 1277 495 Cyllenius
1305 428 1406 479 alis

118 511 410 576 Constitit;
449 513 578 563 hinc
604 520 727 564 toto
753 529 1018 580 praeceps
1046 530 1104 563 se
1131 529 1361 579 corpore
1388 511 1460 564 ad
1488 511 1666 564 undas

120 595 290 658 Misit,
315 596 403 646 avi
431 595 640 659 similis,
668 612 811 662 quae
837 595 1043 646 circum
1072 595 1248 657 litora,
1275 595 1478 646 circum

119 680 373 731 Piscosos
400 678 659 746 scopulos
686 678 911 730 humilis
938 678 1091 730 volat
1117 695 1360 745 aequora
1386 678 1561 730 iuxta.
1709 695 1792 742 255

119 761 291 813 Haud
319 761 478 812 aliter
504 769 678 813 terras
707 761 850 812 inter
876 761 1205 827 caelumque
1231 759 1474 823 volabat,

84 905 86 907 ,
117 845 278 896 Litus
306 861 600 896 arenosum
631 844 847 911 Libyae
872 852 1181 911 ventosque
1207 844 1449 895 secabat.
1489 885 1499 895 .
1552 884 1562 895 .
1599 885 1611 896 .

118 929 199 981 Ut
228 929 467 994 primum
496 926 658 978 alatis
685 928 871 994 tetigit
900 927 1142 995 magalia
1168 926 1392 994 plantiS,

116 1012 352 1063 Aenean
379 1010 710 1062 fundantem
739 1027 893 1061 arces
920 1027 983 1061 ac
1011 1017 1160 1061 tecta
1187 1017 1487 1061 novantem
1709 1017 1797 1061 260

116 1093 398 1146 Continuo
424 1093 662 1144 invadit:
700 1093 832 1144 “Tu
862 1109 1008 1144 nunc
1038 1092 1393 1159 Carthaginis
1418 1093 1565 1144 altae
1706 1100 1792 1157 265

116 1175 509 1228 Fundamenta
535 1176 701 1239 locaS,
728 1175 1132 1243 pulchramque
1159 1177 1390 1227 uxorius
1417 1175 1610 1227 urbem

116 1259 410 1310 Exstruis?
448 1259 557 1310 heu
588 1260 741 1326 regni
770 1276 1064 1325 rerumque
1091 1259 1266 1310 oblite
1291 1259 1537 1311 tuarum!

118 1343 245 1410 Ipse
271 1341 439 1393 deum
469 1342 569 1393 tibi
599 1359 689 1393 me
716 1341 864 1393 claro
891 1341 1140 1393 demittit
1167 1341 1418 1409 Olympo

115 1426 417 1491 Regnator,
443 1425 660 1477 caelum
685 1433 742 1476 et
768 1433 943 1476 terras
970 1425 1064 1491 qui
1092 1425 1322 1476 numine
1348 1432 1598 1492 torquet;

117 1509 244 1576 Ipse
270 1509 406 1560 haec
435 1509 575 1560 ferre
602 1509 756 1560 iubet
783 1508 987 1559 celeres
1016 1507 1283 1560 mandata
1311 1526 1409 1576 per
1435 1526 1621 1561 auras:
1706 1528 1796 1570 270

114 1592 267 1660 Quid
294 1594 492 1644 struis?
531 1600 630 1644 aut
656 1609 766 1659 qua
794 1609 893 1659 spe
922 1591 1150 1659 Libycis
1175 1592 1310 1643 teris
1338 1592 1454 1643 otia
1484 1593 1672 1643 terris?

114 1676 174 1728 Si
201 1683 256 1726 te
283 1675 437 1726 nulla
466 1684 654 1726 movet
681 1683 965 1726 tantarum
994 1674 1172 1740 gloria
1199 1692 1398 1737 rerum,
1544 1672 1548 1676 ’

113 1758 421 1809 Ascanium
451 1767 771 1824 surgentem
800 1766 856 1809 et
884 1775 1011 1825 spes
1038 1757 1261 1808 heredis
1291 1758 1397 1809 Iuli

114 1841 365 1909 Respice,
392 1842 479 1892 cui
507 1858 740 1908 regnum
773 1840 968 1891 Italiae
997 1841 1367 1907 Romanaque
1394 1840 1559 1893 tellus
1706 1860 1790 1906 275

112 1924 447 1975 Debentur.’'
499 1924 625 1974 Tali
655 1924 942 1991 Cyllenius
969 1940 1064 1974 ore
1091 1923 1309 1974 locutus

113 2007 381 2058 Mortales
409 2007 559 2058 visus
586 2007 772 2057 medio
801 2023 1057 2058 sermone
1084 2006 1320 2073 reliquit,

112 2090 187 2141 Et
214 2090 404 2156 procul
433 2090 487 2140 in
517 2098 742 2141 tenuem
772 2107 845 2140 ex
873 2089 1048 2140 oculis
1075 2090 1301 2141 evanuit
1327 2106 1532 2141 auram.

183 2261 435 2314 279-295.
489 2247 711 2315 Aghast
749 2247 869 2298 and
903 2247 1200 2314 speechless,
1240 2247 1456 2298 Aeneas
1496 2247 1672 2300 heard
1704 2249 1792 2301 the

109 2338 345 2388 message
369 2323 436 2386 of
451 2322 674 2387 reproof,
686 2320 967 2387 yearnz'ng
982 2328 1034 2370 to
1053 2328 1132 2370 set
1144 2319 1576 2385 sailfortlzwitlc.
1612 2322 1664 2372 A
1672 2322 1758 2373 las
1768 2326 1792 2373 !

108 2393 230 2444 how
255 2393 405 2444 shall
424 2393 488 2444 he
514 2393 608 2444 tell
637 2393 725 2444 the
749 2392 1064 2459 passionate
1090 2409 1252 2459 queen
1278 2392 1367 2443 lcz‘s
1392 2395 1671 2459 purpose?
1718 2394 1790 2445 In

107 2466 232 2531 deep
247 2466 562 2533 perplexity,
588 2465 652 2516 he
675 2465 997 2515 summoned
1016 2464 1163 2514 three
1195 2465 1411 2515 trusted
1422 2466 1650 2530 friends
1678 2467 1797 2517 and

108 2538 240 2588 bade
263 2538 406 2588 them
433 2538 648 2603 secretht
674 2537 830 2587 make
854 2537 938 2587 all
959 2537 1122 2601 ready
1142 2538 1247 2599 for
1277 2554 1312 2586 a
1343 2555 1555 2604 voyage,
1580 2538 1676 2588 but
1700 2547 1794 2590 not

109 2611 292 2660 reveal
324 2610 411 2660 tlte
446 2628 601 2660 cause
611 2630 636 2670 ,·
672 2609 835 2660 while
872 2609 1104 2673 himself
1121 2609 1311 2658 would
1327 2610 1465 2660 waz't
1493 2628 1528 2660 a
1551 2611 1787 2675 favour-

108 2682 223 2733 able
248 2691 484 2733 moment
508 2691 557 2732 to
584 2682 748 2732 break
775 2681 862 2732 tlze
874 2681 1133 2748 grievous
1159 2698 1306 2731 news
1332 2690 1382 2732 to
1408 2681 1569 2734 Dido.

182 2831 261 2880 At
289 2830 478 2896 regina
505 2830 862 2896 dolos—quis
890 2829 1079 2880 fallere
1108 2828 1284 2895 possit
1312 2835 1701 2882 amantem?—

112 2912 437 2973 Praesensit,
468 2919 764 2977 motusque
791 2912 1017 2978 excepit
1044 2911 1224 2977 prima
1253 2911 1482 2974 futurOS,
