2090 3362
103 249 157 282 11.
186 232 381 300 530-561]
517 236 668 283 THE
704 236 1046 285 SHORTER
1082 237 1357 285 AENEID
1716 251 1775 297 27

107 362 436 429 Insequitur,
455 362 565 414 iam
586 363 810 430 iamque
827 380 995 415 manu
1015 372 1168 416 tenet
1185 372 1241 416 et
1258 364 1461 432 premit
1478 363 1664 416 hasta:
1695 383 1781 428 530

106 445 187 498 Ut
214 445 444 496 tandem
473 454 604 497 ante
630 445 822 497 oculos
849 448 1026 498 evasit
1052 455 1108 499 et
1134 465 1230 499 ora
1258 455 1569 516 parentum,

104 528 374 591 Concidit,
400 545 464 580 ac
493 529 670 580 multo
697 530 871 581 vitam
900 547 1025 580 cum
1055 531 1328 598 sanguine
1356 530 1512 583 fudit.

107 611 217 662 Hic
246 611 512 674 PriamuS‚
533 629 875 679 quamquam
904 613 960 663 in
990 612 1174 664 media
1202 614 1311 664 iam
1341 621 1520 664 morte
1546 619 1780 673 tenetur,

106 694 233 745 Non
262 702 451 746 tamen
479 694 766 757 abstinuit,
793 712 895 746 nec
921 696 1044 746 voci
1072 696 1295 762 iraeque
1323 696 1596 763 pepercit:

104 782 116 804 ‘
136 777 216 828 At
243 777 344 829 tibi
378 795 479 845 pro
507 778 742 841 scelere,’
769 778 1069 841 exclamat,
1096 783 1107 804 ‘
1127 797 1229 846 pro
1255 778 1461 830 talibus
1487 778 1649 841 ausiS,
1698 796 1780 843 535

80 883 82 885 ·
106 860 196 922 Di,
222 859 267 910 si
295 877 406 927 qua
431 868 516 911 est
543 860 699 911 caelo
727 860 920 928 pietaS,
947 878 1091 927 quae
1117 861 1254 912 talia
1280 869 1448 924 curet,

106 942 429 994 Persolvant
455 952 642 1010 grates
669 943 868 1011 dignas
895 951 950 994 et
978 945 1225 1012 praemia
1252 944 1492 995 reddant

106 1025 327 1087 Debita,
354 1025 594 1092 quirnati
623 1043 809 1077 coram
840 1043 929 1077 me
957 1044 1180 1078 cernere
1207 1026 1380 1078 letum

106 1108 308 1158 Fecisti
336 1116 392 1159 et
426 1108 637 1175 patrios
666 1107 903 1159 foedasti
932 1107 1123 1159 funere
1148 1108 1345 1160 voltus,

107 1189 186 1241 At
214 1206 324 1240 non
355 1189 462 1252 ille,
489 1197 671 1241 satum
701 1207 812 1256 quo
840 1198 896 1241 te
924 1190 1191 1253 mentiriS,
1220 1190 1470 1242 Achilles
1694 1210 1780 1254 540

105 1271 258 1323 Talis
286 1273 341 1323 in
369 1273 530 1324 hoste
559 1273 661 1324 fuit
691 1273 939 1335 Priamo;
977 1274 1074 1324 sed
1103 1274 1221 1324 iura
1249 1273 1528 1340 fidemque

105 1355 386 1422 Supplicis
413 1355 649 1417 erubuit,
677 1372 989 1423 corpusque
1015 1372 1307 1422 exsangue
1334 1354 1629 1423 sepulchro

108 1437 376 1489 Reddidit
407 1438 767 1500 Hectoreum,
795 1455 995 1505 meque
1028 1439 1084 1489 in
1114 1456 1239 1490 mea
1267 1455 1439 1505 regna
1465 1438 1707 1490 remisit.'

106 1520 200 1573 Sic
226 1520 372 1571 fatus
399 1521 596 1582 senior,
625 1521 913 1587 telumque
941 1520 1166 1572 imbelle
1193 1521 1313 1571 sine
1339 1520 1451 1571 ictu

107 1603 374 1666 Coniecit,
400 1621 568 1655 rauco
594 1603 745 1671 quod
779 1604 1033 1671 protinus
1062 1620 1187 1654 aere
1214 1603 1497 1671 repulsum
1697 1622 1780 1668 545

108 1686 183 1736 Et
209 1703 430 1737 summo
457 1686 619 1753 clipei
647 1686 985 1753 nequiquam
1014 1686 1258 1737 umbone
1285 1685 1566 1754 pependit.

107 1768 210 1821 Cui
239 1769 506 1836 Pyrrhus:
547 1773 558 1794 ‘
579 1769 808 1820 Referes
833 1786 965 1836 ergo
994 1768 1129 1820 haec
1157 1776 1213 1820 et
1240 1769 1468 1820 nuntius
1494 1767 1600 1819 ibis

108 1850 333 1902 Pelidae
358 1850 623 1917 genitori;
663 1850 741 1901 illi
770 1867 895 1901 mea
922 1849 1102 1901 tristia
1129 1849 1276 1901 facta

110 1933 572 2001 Degeneremque
601 1932 1038 2000 Neoptolemum
1068 1949 1289 1983 narrare
1317 1940 1620 1984 memento.

101 2005 274 2067 ‘Nunc
287 2016 532 2067 morere.'
564 2016 690 2066 Hoc
708 2014 1106 2067 dicensaltaria
1123 2014 1667 2082 adipsatrementem
1699 2034 1721 2079 5
1728 2034 1784 2080 50

109 2099 311 2150 Traxit
335 2107 392 2151 et
418 2100 474 2150 in
504 2099 682 2150 multo
709 2098 1024 2166 lapsantem
1061 2098 1335 2165 sanguine
1362 2098 1495 2161 nati,

114 2182 509 2250 Implicuitque
535 2199 755 2234 comam
786 2181 957 2244 laeva,
984 2180 1299 2247 dextraque
1325 2197 1616 2232 coruscum

111 2265 337 2317 Extulit
364 2282 428 2316 ac
454 2265 611 2316 lateri
641 2265 844 2332 capulo
871 2273 1034 2316 tenus
1060 2262 1279 2315 abdidit
1305 2280 1510 2315 ensem.

113 2348 270 2399 Haec
299 2347 422 2399 finis
453 2347 658 2398 Priami
688 2347 954 2410 fatorum3
994 2346 1083 2397 hic
1110 2346 1298 2397 exitus
1326 2345 1481 2396 illum

111 2429 274 2483 Sorte
301 2430 680 2492 tulit,Troiam
708 2430 991 2480 incensam
1020 2436 1077 2480 et
1105 2428 1366 2496 prolapsa
1386 2427 1669 2479 videntem
1702 2447 1782 2493 555

114 2513 398 2579 Pergama,
419 2520 504 2563 tot
529 2512 815 2578 quondam
844 2511 1067 2579 populis
1094 2512 1363 2577 terrisque
1390 2511 1690 2578 superbum

115 2595 492 2662 Regnatorem
523 2595 709 2647 Asiae.
767 2596 919 2646 Iacet
946 2596 1143 2661 ingens
1171 2594 1331 2645 litore
1359 2602 1602 2657 truncus,

115 2677 498 2744 Avolsumque
526 2678 772 2728 humeris
800 2685 984 2744 caput,
1012 2685 1067 2727 et
1095 2676 1214 2727 sine
1242 2676 1467 2727 nomine
1494 2693 1710 2744 corpus,

184 2764 210 2785 “
233 2760 311 2811 At
338 2777 427 2811 me
455 2768 573 2811 tum
603 2761 844 2827 primum
874 2777 1072 2811 saevus
1099 2760 1467 2811 circumstetit
1499 2759 1708 2812 horror.

115 2841 377 2910 Obstipui
393 2860 403 2904 ;
437 2843 606 2893 subiit
633 2843 744 2894 cari
771 2843 1040 2910 genitoris
1067 2841 1272 2908 imag0,
1700 2851 1785 2907 560

119 2925 198 2976 Ut
224 2941 409 2991 regem
438 2942 782 2991 aequaevum
811 2924 1020 2976 crudeli
1049 2924 1272 2975 volnere
1301 2925 1412 2975 vidi
