2090 3362
250 266 342 323 148
659 265 811 311 THE
849 264 1188 313 SHORTER
1226 266 1503 313 AENEID
1638 264 1710 327 [x.
1740 281 1918 322 473·509

245 394 338 446 Sic
365 394 458 454 ait,
485 402 652 461 atque
677 394 869 445 oculos
899 395 1234 446 Rutulorum
1264 396 1438 446 reiicit
1465 395 1622 446 arvis,

244 477 324 528 At
353 470 536 527 Pallas
565 478 783 544 magnis
811 477 1017 529 emittit
1043 478 1253 529 viribus
1281 478 1515 540 hastam,

244 559 576 626 Vaginaque
603 577 739 611 cava
768 559 1076 627 fulgentem
1106 560 1295 628 diripit
1323 579 1529 612 ensem.
1836 579 1919 623 475

247 641 351 692 Illa
376 642 587 704 volam,
614 641 829 694 humeri
858 651 1092 710 surgunt
1119 661 1230 710 qua
1258 645 1508 711 tegmina
1536 660 1770 705 summa,

246 723 465 786 Incidit,
492 732 675 791 atque,
702 726 849 775 viam
878 725 1042 793 clipei
1072 726 1267 777 molita
1296 743 1394 794 per
1420 744 1559 788 oraS‚

243 806 499 858 Tandem
527 807 696 858 etiam
727 825 934 875 magno
961 809 1190 860 strinxit
1218 809 1287 860 de
1314 826 1544 876 corpore
1571 809 1758 860 Turni.

247 889 357 940 Hic
386 889 610 941 Turnus
638 890 780 942 ferro
807 890 1123 957 praefixum
1152 891 1319 943 robur
1345 900 1511 943 acuto

248 974 312 1024 In
343 973 597 1025 Pallanta
624 973 717 1024 diu
747 973 955 1025 librans
982 975 1126 1037 iacit,
1154 983 1322 1042 atque
1348 975 1426 1026 ita
1454 975 1624 1026 fatur:
1834 983 1923 1035 480

241 1062 270 1083 ‘⁴
290 1058 514 1125 Aspice,
541 1075 675 1109 num
705 1076 868 1125 mage
895 1060 966 1109 sit
994 1067 1243 1111 nostrum
1272 1059 1615 1126 penetrabile
1641 1058 1861 1110 telum.'’

245 1140 511 1203 Dixerat;
552 1149 610 1192 at
636 1141 893 1208 clipeum,
920 1149 1006 1192 tot
1034 1142 1159 1193 ferri
1187 1150 1359 1209 terga,
1386 1150 1470 1194 tot
1496 1142 1652 1203 aeriS‚

242 1223 503 1275 Vibranti
533 1224 779 1275 medium
809 1225 996 1292 cuspis
1024 1225 1433 1289 transverberat
1461 1225 1589 1287 ictu,

245 1307 586 1373 Loricaeque
615 1324 799 1358 moras
824 1315 880 1358 et
907 1315 1102 1374 pectus
1132 1307 1376 1375 perforat
1404 1308 1615 1375 ingens,
1834 1314 1918 1369 485

247 1389 347 1440 Ille
373 1390 519 1457 rapit
545 1389 788 1441 calidum
818 1390 1018 1441 frustra
1044 1390 1114 1441 de
1142 1390 1365 1441 volnere
1391 1390 1589 1441 telum:

247 1472 377 1524 Una
403 1472 712 1539 eademque
739 1474 828 1524 via
856 1474 1083 1540 sanguis
1110 1474 1441 1540 animusque
1468 1481 1789 1540 sequuntur.

244 1557 465 1609 Corruit
492 1556 547 1607 in
575 1556 801 1619 volnus;
841 1558 1088 1609 sonitum
1117 1574 1282 1625 super
1309 1574 1463 1608 arma
1488 1556 1715 1620 dedere;

243 1639 320 1690 Et
345 1646 548 1691 terram
577 1639 837 1690 hostilem
868 1641 1108 1691 moriens
1137 1640 1276 1707 petit
1303 1657 1397 1690 ore
1423 1648 1665 1691 cruento.

245 1721 429 1789 Quem
459 1723 681 1773 Turnus
710 1740 875 1790 super
901 1723 1203 1774 adsistens:
1832 1742 1922 1786 490

242 1811 271 1832 ‘⁴
290 1806 556 1869 Arcade5‚
583 1807 765 1867 haeC‚’'
794 1808 988 1874 inquit,
1015 1811 1335 1859 “memores
1365 1825 1487 1858 mea
1515 1807 1666 1858 dicta
1691 1807 1888 1858 referte

245 1889 535 1941 Euandro:
578 1889 818 1957 Qualem
848 1891 1063 1952 meruit,
1093 1890 1350 1942 Pallanta
1377 1890 1615 1941 remitto,

246 1972 512 2041 Quisquis
539 1972 719 2024 honos
745 1973 961 2036 tumuli,
978 1972 1250 2039 quidquid
1269 1972 1517 2024 solamen
1535 1971 1803 2023 humandi
1822 1979 1922 2035 est,

245 2057 490 2124 Largior.
554 2056 725 2107 Haud
753 2056 831 2106 illi
860 2057 1090 2107 stabunt
1119 2056 1335 2107 Aeneia
1363 2073 1534 2122 parvo

247 2139 557 2207 Hospitia.'’
617 2140 693 2190 Et
721 2139 880 2190 laevo
908 2139 1108 2206 pressit
1135 2138 1292 2206 pede,
1319 2138 1454 2189 talia
1483 2138 1645 2200 fatuS,
1832 2156 1917 2201 495

246 2222 602 2284 Exanimem,
629 2222 850 2289 rapiens
879 2221 1145 2272 immania
1172 2221 1420 2288 pondera
1448 2220 1630 2271 baltei.
1674 2262 1683 2271 .
1723 2260 1733 2270 .
1774 2261 1782 2270 .

246 2305 449 2356 Nescia
478 2322 635 2356 mens
663 2305 952 2355 hominum
983 2304 1082 2355 fati
1110 2305 1385 2370 sortisque
1413 2303 1644 2364 futurae,
1839 2320 1914 2364 501

247 2389 322 2439 Et
349 2405 566 2439 servare
595 2387 842 2449 modum,
869 2387 1032 2438 rebus
1060 2387 1282 2437 sublata
1309 2385 1590 2436 secundis!

245 2471 436 2522 Turno
464 2479 686 2538 tempus
713 2470 831 2532 erit,
861 2486 1066 2536 magno
1095 2485 1221 2519 cum
1250 2468 1528 2535 optaverit
1555 2475 1807 2534 emptum

249 2554 529 2604 Intactum
561 2553 830 2614 Pallanta,
858 2560 914 2603 et
941 2569 1066 2603 cum
1096 2550 1275 2619 spolia
1302 2551 1409 2600 ista
1437 2550 1696 2615 diemque

247 2635 456 2687 Oderit.
519 2636 598 2687 At
624 2637 758 2686 socii
788 2635 965 2686 multo
994 2635 1204 2702 gemitu
1234 2632 1584 2698 lacrimisque
1837 2649 1916 2694 505

249 2719 579 2785 Impositum
610 2727 768 2770 scuto
795 2717 1038 2769 referunt
1067 2716 1322 2767 Pallanta
1350 2715 1679 2781 frequentes,

246 2801 296 2853 O
326 2801 681 2868 dolor‘atque
707 2801 877 2852 decus
906 2815 1173 2866 magnum
1202 2797 1443 2849 rediture
1472 2797 1713 2864 parenti!

250 2883 406 2934 Haec
433 2891 489 2934 te
517 2884 695 2950 prima
722 2883 841 2934 dies
869 2882 1017 2934 bello
1045 2881 1216 2943 dedit,
1243 2880 1379 2931 haec
1408 2880 1604 2931 eadem
1633 2879 1828 2941 aufert,

247 2965 388 3016 Cum
417 2973 605 3016 tamen
634 2966 891 3033 ingentes
920 2963 1256 3016 Rutulorum
1286 2963 1488 3029 linquis
1515 2962 1764 3013 acervos!
