<?xml version="1.0" encoding="UTF-8"?>
<!DOCTYPE html PUBLIC "-//W3C//DTD XHTML 1.0 Transitional//EN"
    "http://www.w3.org/TR/xhtml1/DTD/xhtml1-transitional.dtd">
<html xmlns="http://www.w3.org/1999/xhtml" xml:lang="en" lang="en">
 <head>
  <title>
</title>
<meta http-equiv="Content-Type" content="text/html;charset=utf-8" />
  <meta name='ocr-system' content='tesseract 3.04.00' />
  <meta name='ocr-capabilities' content='ocr_page ocr_carea ocr_par ocr_line ocrx_word'/>
</head>
<body>
  <div class='ocr_page' id='page_1' title='image "./shorteraeneid00virguoft_0117.png"; bbox 0 0 2090 3362; ppageno 0'>
   <div class='ocr_carea' id='block_1_1' title="bbox 0 2809 7 2903">
    <p class='ocr_par' dir='ltr' id='par_1_1' title="bbox 0 2809 7 2903">
     <span class='ocr_line' id='line_1_1' title="bbox 0 2809 7 2903; textangle 90"><span class='ocrx_word' id='word_1_1' title='bbox 0 2809 7 2903; x_wconf 43' lang='lat' dir='ltr'><strong>,ww</strong></span> 
     </span>
    </p>
   </div>
   <div class='ocr_carea' id='block_1_2' title="bbox 170 194 1839 283">
    <p class='ocr_par' dir='ltr' id='par_1_2' title="bbox 170 194 1839 283">
     <span class='ocr_line' id='line_1_2' title="bbox 170 194 1839 283; baseline -0.001 -19"><span class='ocrx_word' id='word_1_2' title='bbox 170 232 237 266; x_wconf 86' lang='lat' dir='ltr'><strong>v1.</strong></span> <span class='ocrx_word' id='word_1_3' title='bbox 267 215 464 283; x_wconf 76' lang='lat'>277-314]</span> <span class='ocrx_word' id='word_1_4' title='bbox 514 194 517 196; x_wconf 64' lang='grc'>’</span> <span class='ocrx_word' id='word_1_5' title='bbox 585 220 736 266; x_wconf 86' lang='grc' dir='ltr'><strong>ΤΗΕ</strong></span> <span class='ocrx_word' id='word_1_6' title='bbox 772 219 1110 268; x_wconf 86' lang='lat' dir='ltr'><strong>SHORTER</strong></span> <span class='ocrx_word' id='word_1_7' title='bbox 1147 220 1423 268; x_wconf 89' lang='lat' dir='ltr'>AENEID</span> <span class='ocrx_word' id='word_1_8' title='bbox 1775 216 1839 275; x_wconf 82' lang='lat'><strong>89</strong></span> 
     </span>
    </p>
   </div>
   <div class='ocr_carea' id='block_1_3' title="bbox 163 347 1833 745">
    <p class='ocr_par' dir='ltr' id='par_1_3' title="bbox 168 347 1573 417">
     <span class='ocr_line' id='line_1_3' title="bbox 168 347 1573 417; baseline 0.001 -19"><span class='ocrx_word' id='word_1_9' title='bbox 168 347 464 400; x_wconf 84' lang='lat' dir='ltr'><strong>Terribiles</strong></span> <span class='ocrx_word' id='word_1_10' title='bbox 491 349 610 400; x_wconf 87' lang='lat' dir='ltr'><strong>visu</strong></span> <span class='ocrx_word' id='word_1_11' title='bbox 640 349 865 412; x_wconf 88' lang='lat' dir='ltr'><strong>formae,</strong></span> <span class='ocrx_word' id='word_1_12' title='bbox 894 350 1223 417; x_wconf 87' lang='lat' dir='ltr'><strong>Letumque,</strong></span> <span class='ocrx_word' id='word_1_13' title='bbox 1251 349 1573 416; x_wconf 90' lang='lat' dir='ltr'><strong>Laborque;</strong></span> 
     </span>
    </p>

    <p class='ocr_par' dir='ltr' id='par_1_4' title="bbox 167 430 1711 581">
     <span class='ocr_line' id='line_1_4' title="bbox 167 430 1645 500; baseline -0.001 -19"><span class='ocrx_word' id='word_1_14' title='bbox 167 431 313 482; x_wconf 90' lang='lat' dir='ltr'><strong>Tum</strong></span> <span class='ocrx_word' id='word_1_15' title='bbox 341 432 788 499; x_wconf 88' lang='lat' dir='ltr'><strong>consanguineus</strong></span> <span class='ocrx_word' id='word_1_16' title='bbox 817 433 943 484; x_wconf 91' lang='lat' dir='ltr'><strong>Leti</strong></span> <span class='ocrx_word' id='word_1_17' title='bbox 972 433 1169 500; x_wconf 89' lang='lat' dir='ltr'><strong>Sopor,</strong></span> <span class='ocrx_word' id='word_1_18' title='bbox 1195 440 1252 484; x_wconf 94' lang='lat' dir='ltr'><strong>et</strong></span> <span class='ocrx_word' id='word_1_19' title='bbox 1273 432 1421 484; x_wconf 90' lang='lat' dir='ltr'><strong>mala</strong></span> <span class='ocrx_word' id='word_1_20' title='bbox 1442 430 1645 483; x_wconf 90' lang='lat' dir='ltr'><strong>mentis</strong></span> 
     </span>
     <span class='ocr_line' id='line_1_5' title="bbox 167 512 1711 581; baseline 0 -17"><span class='ocrx_word' id='word_1_21' title='bbox 167 513 399 576; x_wconf 90' lang='lat' dir='ltr'><strong>Gaudia,</strong></span> <span class='ocrx_word' id='word_1_22' title='bbox 426 515 882 581; x_wconf 84' lang='lat' dir='ltr'><strong>mortiferumque</strong></span> <span class='ocrx_word' id='word_1_23' title='bbox 908 515 1145 566; x_wconf 82' lang='lat' dir='ltr'><strong>adverso</strong></span> <span class='ocrx_word' id='word_1_24' title='bbox 1173 515 1228 566; x_wconf 91' lang='lat' dir='ltr'><strong>in</strong></span> <span class='ocrx_word' id='word_1_25' title='bbox 1256 515 1449 566; x_wconf 91' lang='lat' dir='ltr'><strong>limine</strong></span> <span class='ocrx_word' id='word_1_26' title='bbox 1477 512 1711 575; x_wconf 91' lang='lat' dir='ltr'><strong>Bellum,</strong></span> 
     </span>
    </p>

    <p class='ocr_par' dir='ltr' id='par_1_5' title="bbox 163 595 1833 745">
     <span class='ocr_line' id='line_1_6' title="bbox 163 595 1819 663; baseline -0.001 -17"><span class='ocrx_word' id='word_1_27' title='bbox 163 596 210 646; x_wconf 91' lang='lat' dir='ltr'>F</span> <span class='ocrx_word' id='word_1_28' title='bbox 211 597 459 663; x_wconf 92' lang='lat' dir='ltr'><strong>erreique</strong></span> <span class='ocrx_word' id='word_1_29' title='bbox 481 597 861 648; x_wconf 89' lang='lat' dir='ltr'><strong>Eumenidum</strong></span> <span class='ocrx_word' id='word_1_30' title='bbox 889 598 1139 661; x_wconf 84' lang='lat' dir='ltr'><strong>thalami,</strong></span> <span class='ocrx_word' id='word_1_31' title='bbox 1165 606 1222 650; x_wconf 92' lang='lat' dir='ltr'><strong>et</strong></span> <span class='ocrx_word' id='word_1_32' title='bbox 1249 597 1546 648; x_wconf 87' lang='lat' dir='ltr'><strong>Discordia</strong></span> <span class='ocrx_word' id='word_1_33' title='bbox 1571 595 1819 657; x_wconf 77' lang='lat' dir='ltr'><strong>demen3‚</strong></span> 
     </span>
     <span class='ocr_line' id='line_1_7' title="bbox 163 677 1833 745; baseline -0.002 -16"><span class='ocrx_word' id='word_1_34' title='bbox 163 677 467 745; x_wconf 92' lang='lat' dir='ltr'><strong>Vipereum</strong></span> <span class='ocrx_word' id='word_1_35' title='bbox 496 679 703 731; x_wconf 89' lang='lat' dir='ltr'><strong>crinem</strong></span> <span class='ocrx_word' id='word_1_36' title='bbox 731 681 886 732; x_wconf 88' lang='lat' dir='ltr'><strong>vittis</strong></span> <span class='ocrx_word' id='word_1_37' title='bbox 914 681 1123 731; x_wconf 91' lang='lat' dir='ltr'><strong>innexa</strong></span> <span class='ocrx_word' id='word_1_38' title='bbox 1151 680 1407 731; x_wconf 69' lang='lat' dir='ltr'><strong>cruentis</strong></span> <span class='ocrx_word' id='word_1_39' title='bbox 1752 685 1833 727; x_wconf 90' lang='lat'><strong>281</strong></span> 
     </span>
    </p>
   </div>
   <div class='ocr_carea' id='block_1_4' title="bbox 149 842 1844 1273">
    <p class='ocr_par' dir='ltr' id='par_1_6' title="bbox 149 842 1844 1273">
     <span class='ocr_line' id='line_1_8' title="bbox 237 842 1838 913; baseline -0.001 -18"><span class='ocrx_word' id='word_1_40' title='bbox 237 847 494 910; x_wconf 87' lang='lat'><strong>282-294.</strong></span> <span class='ocrx_word' id='word_1_41' title='bbox 533 846 603 896; x_wconf 89' lang='lat' dir='ltr'><strong>In</strong></span> <span class='ocrx_word' id='word_1_42' title='bbox 646 846 734 897; x_wconf 79' lang='lat' dir='ltr'><strong>the</strong></span> <span class='ocrx_word' id='word_1_43' title='bbox 772 846 944 898; x_wconf 82' lang='lat' dir='ltr'><strong>mz‘dst</strong></span> <span class='ocrx_word' id='word_1_44' title='bbox 971 847 1127 898; x_wconf 86' lang='lat' dir='ltr'><strong>stood</strong></span> <span class='ocrx_word' id='word_1_45' title='bbox 1161 865 1234 897; x_wconf 84' lang='lat' dir='ltr'><strong>an</strong></span> <span class='ocrx_word' id='word_1_46' title='bbox 1279 845 1422 913; x_wconf 80' lang='lat' dir='ltr'><strong>aged</strong></span> <span class='ocrx_word' id='word_1_47' title='bbox 1457 846 1576 908; x_wconf 89' lang='lat' dir='ltr'><strong>elm,</strong></span> <span class='ocrx_word' id='word_1_48' title='bbox 1617 842 1838 895; x_wconf 74' lang='lat' dir='ltr'><strong>beneath</strong></span> 
     </span>
     <span class='ocr_line' id='line_1_9' title="bbox 163 916 1844 986; baseline -0.001 -19"><span class='ocrx_word' id='word_1_49' title='bbox 163 917 342 968; x_wconf 75' lang='lat' dir='ltr'><strong>whose</strong></span> <span class='ocrx_word' id='word_1_50' title='bbox 376 918 544 970; x_wconf 80' lang='lat' dir='ltr'><strong>slzade</strong></span> <span class='ocrx_word' id='word_1_51' title='bbox 590 919 734 970; x_wconf 77' lang='lat' dir='ltr'><strong>there</strong></span> <span class='ocrx_word' id='word_1_52' title='bbox 785 919 980 986; x_wconf 78' lang='lat' dir='ltr'><em>lodged</em></span> <span class='ocrx_word' id='word_1_53' title='bbox 1021 920 1106 970; x_wconf 80' lang='lat' dir='ltr'><strong>all</strong></span> <span class='ocrx_word' id='word_1_54' title='bbox 1133 919 1265 970; x_wconf 84' lang='lat' dir='ltr'><em>vain</em></span> <span class='ocrx_word' id='word_1_55' title='bbox 1306 919 1546 969; x_wconf 86' lang='lat' dir='ltr'><strong>Dreams</strong></span> <span class='ocrx_word' id='word_1_56' title='bbox 1582 916 1702 968; x_wconf 85' lang='lat' dir='ltr'><strong>and</strong></span> <span class='ocrx_word' id='word_1_57' title='bbox 1731 916 1844 966; x_wconf 79' lang='lat' dir='ltr'><strong>evil</strong></span> 
     </span>
     <span class='ocr_line' id='line_1_10' title="bbox 162 986 1834 1058; baseline 0 -19"><span class='ocrx_word' id='word_1_58' title='bbox 162 991 710 1056; x_wconf 76' lang='lat' dir='ltr'><strong>monsters—Scyllas</strong></span> <span class='ocrx_word' id='word_1_59' title='bbox 749 992 868 1042; x_wconf 85' lang='lat' dir='ltr'><strong>and</strong></span> <span class='ocrx_word' id='word_1_60' title='bbox 900 992 1156 1058; x_wconf 76' lang='lat' dir='ltr'><strong>Harpz&#39;eS,</strong></span> <span class='ocrx_word' id='word_1_61' title='bbox 1184 991 1271 1042; x_wconf 77' lang='lat' dir='ltr'><strong>the</strong></span> <span class='ocrx_word' id='word_1_62' title='bbox 1305 990 1509 1057; x_wconf 84' lang='lat' dir='ltr'><strong>Hydra</strong></span> <span class='ocrx_word' id='word_1_63' title='bbox 1550 989 1668 1040; x_wconf 87' lang='lat' dir='ltr'><strong>and</strong></span> <span class='ocrx_word' id='word_1_64' title='bbox 1712 986 1834 1041; x_wconf 74' lang='lat' dir='ltr'><em>Chi-</em></span> 
     </span>
     <span class='ocr_line' id='line_1_11' title="bbox 162 1061 1838 1131; baseline 0 -20"><span class='ocrx_word' id='word_1_65' title='bbox 162 1079 365 1113; x_wconf 83' lang='lat' dir='ltr'><strong>maera.</strong></span> <span class='ocrx_word' id='word_1_66' title='bbox 419 1063 634 1114; x_wconf 82' lang='lat' dir='ltr'><strong>Aeneas</strong></span> <span class='ocrx_word' id='word_1_67' title='bbox 650 1070 889 1131; x_wconf 78' lang='lat' dir='ltr'><strong>grasped</strong></span> <span class='ocrx_word' id='word_1_68' title='bbox 917 1063 1006 1114; x_wconf 75' lang='lat' dir='ltr'><strong>his</strong></span> <span class='ocrx_word' id='word_1_69' title='bbox 1040 1063 1232 1115; x_wconf 78' lang='lat' dir='ltr'><strong>swerd</strong></span> <span class='ocrx_word' id='word_1_70' title='bbox 1257 1063 1376 1114; x_wconf 85' lang='lat' dir='ltr'><strong>and</strong></span> <span class='ocrx_word' id='word_1_71' title='bbox 1378 1061 1551 1128; x_wconf 87' lang='lat' dir='ltr'><strong>faced</strong></span> <span class='ocrx_word' id='word_1_72' title='bbox 1570 1061 1727 1124; x_wconf 75' lang='lat' dir='ltr'><strong>them,</strong></span> <span class='ocrx_word' id='word_1_73' title='bbox 1742 1069 1838 1126; x_wconf 87' lang='lat' dir='ltr'><strong>yet</strong></span> 
     </span>
     <span class='ocr_line' id='line_1_12' title="bbox 159 1133 1842 1202; baseline -0.001 -18"><span class='ocrx_word' id='word_1_74' title='bbox 159 1134 386 1185; x_wconf 83' lang='lat' dir='ltr'><strong>learned</strong></span> <span class='ocrx_word' id='word_1_75' title='bbox 389 1136 549 1202; x_wconf 85' lang='lat' dir='ltr'><strong>from</strong></span> <span class='ocrx_word' id='word_1_76' title='bbox 576 1135 663 1187; x_wconf 76' lang='lat' dir='ltr'><strong>tlze</strong></span> <span class='ocrx_word' id='word_1_77' title='bbox 692 1136 854 1202; x_wconf 77' lang='lat' dir='ltr'><em>Sibyl</em></span> <span class='ocrx_word' id='word_1_78' title='bbox 878 1136 1000 1187; x_wconf 72' lang='lat' dir='ltr'><strong>that</strong></span> <span class='ocrx_word' id='word_1_79' title='bbox 1014 1135 1132 1202; x_wconf 77' lang='lat' dir='ltr'><strong>they</strong></span> <span class='ocrx_word' id='word_1_80' title='bbox 1158 1153 1299 1187; x_wconf 83' lang='lat' dir='ltr'><strong>were</strong></span> <span class='ocrx_word' id='word_1_81' title='bbox 1323 1135 1420 1186; x_wconf 83' lang='lat' dir='ltr'><strong>but</strong></span> <span class='ocrx_word' id='word_1_82' title='bbox 1433 1133 1842 1186; x_wconf 84' lang='lat' dir='ltr'><strong>unsubstantial</strong></span> 
     </span>
     <span class='ocr_line' id='line_1_13' title="bbox 149 1206 353 1273; baseline 0.01 -16"><span class='ocrx_word' id='word_1_83' title='bbox 149 1206 353 1273; x_wconf 74' lang='lat' dir='ltr'><strong>ghosts.</strong></span> 
     </span>
    </p>
   </div>
   <div class='ocr_carea' id='block_1_5' title="bbox 147 1362 1832 2999">
    <p class='ocr_par' dir='ltr' id='par_1_7' title="bbox 153 1362 1832 1929">
     <span class='ocr_line' id='line_1_14' title="bbox 234 1362 1784 1431; baseline 0.001 -18"><span class='ocrx_word' id='word_1_84' title='bbox 234 1362 383 1413; x_wconf 90' lang='lat' dir='ltr'><strong>Hinc</strong></span> <span class='ocrx_word' id='word_1_85' title='bbox 422 1364 526 1425; x_wconf 89' lang='lat' dir='ltr'><strong>via,</strong></span> <span class='ocrx_word' id='word_1_86' title='bbox 554 1364 808 1416; x_wconf 91' lang='lat' dir='ltr'><strong>Tartarei</strong></span> <span class='ocrx_word' id='word_1_87' title='bbox 835 1382 979 1431; x_wconf 91' lang='lat' dir='ltr'><strong>quae</strong></span> <span class='ocrx_word' id='word_1_88' title='bbox 1001 1363 1106 1416; x_wconf 89' lang='lat' dir='ltr'><strong>fert</strong></span> <span class='ocrx_word' id='word_1_89' title='bbox 1127 1364 1464 1416; x_wconf 88' lang='lat' dir='ltr'><strong>Acherontis</strong></span> <span class='ocrx_word' id='word_1_90' title='bbox 1491 1364 1561 1415; x_wconf 93' lang='lat' dir='ltr'><strong>ad</strong></span> <span class='ocrx_word' id='word_1_91' title='bbox 1591 1363 1784 1415; x_wconf 82' lang='lat' dir='ltr'><strong>undaS.</strong></span> 
     </span>
     <span class='ocr_line' id='line_1_15' title="bbox 156 1445 1832 1515; baseline 0.001 -19"><span class='ocrx_word' id='word_1_92' title='bbox 156 1445 437 1498; x_wconf 90' lang='lat' dir='ltr'><strong>Turbidus</strong></span> <span class='ocrx_word' id='word_1_93' title='bbox 465 1448 554 1497; x_wconf 91' lang='lat' dir='ltr'><strong>hic</strong></span> <span class='ocrx_word' id='word_1_94' title='bbox 582 1464 756 1498; x_wconf 91' lang='lat' dir='ltr'><strong>caeno</strong></span> <span class='ocrx_word' id='word_1_95' title='bbox 783 1455 1053 1514; x_wconf 90' lang='lat' dir='ltr'><strong>vastaque</strong></span> <span class='ocrx_word' id='word_1_96' title='bbox 1074 1449 1339 1514; x_wconf 91' lang='lat' dir='ltr'><strong>voragine</strong></span> <span class='ocrx_word' id='word_1_97' title='bbox 1364 1464 1568 1515; x_wconf 87' lang='lat' dir='ltr'><strong>gurges</strong></span> <span class='ocrx_word' id='word_1_98' title='bbox 1743 1453 1832 1511; x_wconf 86' lang='lat'><strong>296</strong></span> 
     </span>
     <span class='ocr_line' id='line_1_16' title="bbox 156 1527 1598 1597; baseline 0.002 -19"><span class='ocrx_word' id='word_1_99' title='bbox 156 1527 397 1580; x_wconf 88' lang='lat' dir='ltr'><strong>Aestuat</strong></span> <span class='ocrx_word' id='word_1_100' title='bbox 424 1536 592 1596; x_wconf 92' lang='lat' dir='ltr'><strong>atque</strong></span> <span class='ocrx_word' id='word_1_101' title='bbox 619 1546 845 1581; x_wconf 90' lang='lat' dir='ltr'><strong>omnem</strong></span> <span class='ocrx_word' id='word_1_102' title='bbox 873 1530 1092 1597; x_wconf 90' lang='lat' dir='ltr'><strong>Cocyto</strong></span> <span class='ocrx_word' id='word_1_103' title='bbox 1118 1538 1333 1582; x_wconf 91' lang='lat' dir='ltr'><strong>eructat</strong></span> <span class='ocrx_word' id='word_1_104' title='bbox 1360 1547 1598 1582; x_wconf 88' lang='lat' dir='ltr'><strong>arenam.</strong></span> 
     </span>
     <span class='ocr_line' id='line_1_17' title="bbox 153 1610 1596 1680; baseline 0.003 -20"><span class='ocrx_word' id='word_1_105' title='bbox 153 1610 395 1662; x_wconf 89' lang='lat' dir='ltr'><strong>Portitor</strong></span> <span class='ocrx_word' id='word_1_106' title='bbox 421 1612 520 1662; x_wconf 92' lang='lat' dir='ltr'><strong>has</strong></span> <span class='ocrx_word' id='word_1_107' title='bbox 547 1612 854 1664; x_wconf 91' lang='lat' dir='ltr'><strong>horrendus</strong></span> <span class='ocrx_word' id='word_1_108' title='bbox 875 1630 1048 1680; x_wconf 90' lang='lat' dir='ltr'><strong>aquas</strong></span> <span class='ocrx_word' id='word_1_109' title='bbox 1074 1620 1131 1665; x_wconf 93' lang='lat' dir='ltr'><strong>et</strong></span> <span class='ocrx_word' id='word_1_110' title='bbox 1156 1612 1388 1664; x_wconf 89' lang='lat' dir='ltr'><strong>flumina</strong></span> <span class='ocrx_word' id='word_1_111' title='bbox 1414 1620 1596 1664; x_wconf 91' lang='lat' dir='ltr'><strong>servat</strong></span> 
     </span>
     <span class='ocr_line' id='line_1_18' title="bbox 155 1692 1554 1763; baseline 0.003 -20"><span class='ocrx_word' id='word_1_112' title='bbox 155 1692 410 1744; x_wconf 90' lang='lat' dir='ltr'><strong>Terribili</strong></span> <span class='ocrx_word' id='word_1_113' title='bbox 438 1695 694 1760; x_wconf 89' lang='lat' dir='ltr'><strong>squalore</strong></span> <span class='ocrx_word' id='word_1_114' title='bbox 722 1694 960 1758; x_wconf 89' lang='lat' dir='ltr'><strong>Charon,</strong></span> <span class='ocrx_word' id='word_1_115' title='bbox 986 1695 1073 1746; x_wconf 91' lang='lat' dir='ltr'><strong>cui</strong></span> <span class='ocrx_word' id='word_1_116' title='bbox 1102 1695 1341 1763; x_wconf 91' lang='lat' dir='ltr'><strong>plurima</strong></span> <span class='ocrx_word' id='word_1_117' title='bbox 1362 1703 1554 1747; x_wconf 90' lang='lat' dir='ltr'><strong>mento</strong></span> 
     </span>
     <span class='ocr_line' id='line_1_19' title="bbox 153 1774 1830 1840; baseline 0.001 -14"><span class='ocrx_word' id='word_1_118' title='bbox 153 1774 398 1827; x_wconf 88' lang='lat' dir='ltr'><strong>Canities</strong></span> <span class='ocrx_word' id='word_1_119' title='bbox 425 1777 634 1828; x_wconf 90' lang='lat' dir='ltr'><strong>inculta</strong></span> <span class='ocrx_word' id='word_1_120' title='bbox 654 1778 811 1840; x_wconf 91' lang='lat' dir='ltr'><strong>iacet,</strong></span> <span class='ocrx_word' id='word_1_121' title='bbox 839 1785 990 1829; x_wconf 90' lang='lat' dir='ltr'><strong>stant</strong></span> <span class='ocrx_word' id='word_1_122' title='bbox 1018 1778 1231 1829; x_wconf 93' lang='lat' dir='ltr'><strong>lumina</strong></span> <span class='ocrx_word' id='word_1_123' title='bbox 1257 1777 1499 1840; x_wconf 90' lang='lat' dir='ltr'><strong>flamma,</strong></span> <span class='ocrx_word' id='word_1_124' title='bbox 1744 1797 1830 1839; x_wconf 90' lang='lat'><strong>300</strong></span> 
     </span>
     <span class='ocr_line' id='line_1_20' title="bbox 154 1860 1556 1929; baseline -0.001 -16"><span class='ocrx_word' id='word_1_125' title='bbox 154 1860 427 1913; x_wconf 90' lang='lat' dir='ltr'><strong>Sordidus</strong></span> <span class='ocrx_word' id='word_1_126' title='bbox 449 1878 522 1911; x_wconf 88' lang='lat' dir='ltr'><strong>ex</strong></span> <span class='ocrx_word' id='word_1_127' title='bbox 550 1860 795 1912; x_wconf 93' lang='lat' dir='ltr'><strong>humeris</strong></span> <span class='ocrx_word' id='word_1_128' title='bbox 817 1862 968 1912; x_wconf 94' lang='lat' dir='ltr'><strong>nodo</strong></span> <span class='ocrx_word' id='word_1_129' title='bbox 994 1861 1277 1929; x_wconf 91' lang='lat' dir='ltr'><strong>dependet</strong></span> <span class='ocrx_word' id='word_1_130' title='bbox 1302 1862 1556 1912; x_wconf 80' lang='lat' dir='ltr'><strong>amictus,</strong></span> 
     </span>
    </p>

    <p class='ocr_par' dir='ltr' id='par_1_8' title="bbox 157 1943 1533 2010">
     <span class='ocr_line' id='line_1_21' title="bbox 157 1943 1533 2010; baseline 0.001 -17"><span class='ocrx_word' id='word_1_131' title='bbox 157 1943 286 2010; x_wconf 90' lang='lat' dir='ltr'><strong>Ipse</strong></span> <span class='ocrx_word' id='word_1_132' title='bbox 313 1950 490 1994; x_wconf 91' lang='lat' dir='ltr'><strong>ratem</strong></span> <span class='ocrx_word' id='word_1_133' title='bbox 518 1951 686 1994; x_wconf 92' lang='lat' dir='ltr'><strong>conto</strong></span> <span class='ocrx_word' id='word_1_134' title='bbox 713 1943 937 2010; x_wconf 87' lang='lat' dir='ltr'><strong>subigit,</strong></span> <span class='ocrx_word' id='word_1_135' title='bbox 963 1943 1211 2010; x_wconf 88' lang='lat' dir='ltr'><strong>velisque</strong></span> <span class='ocrx_word' id='word_1_136' title='bbox 1239 1944 1533 2005; x_wconf 90' lang='lat' dir='ltr'><strong>ministrat,</strong></span> 
     </span>
    </p>

    <p class='ocr_par' dir='ltr' id='par_1_9' title="bbox 153 2025 1394 2094">
     <span class='ocr_line' id='line_1_22' title="bbox 153 2025 1394 2094; baseline 0 -18"><span class='ocrx_word' id='word_1_137' title='bbox 153 2026 229 2077; x_wconf 90' lang='lat' dir='ltr'><strong>Et</strong></span> <span class='ocrx_word' id='word_1_138' title='bbox 257 2026 571 2092; x_wconf 89' lang='lat' dir='ltr'><strong>ferruginea</strong></span> <span class='ocrx_word' id='word_1_139' title='bbox 597 2025 891 2077; x_wconf 91' lang='lat' dir='ltr'><strong>subvectat</strong></span> <span class='ocrx_word' id='word_1_140' title='bbox 917 2044 1150 2094; x_wconf 88' lang='lat' dir='ltr'><strong>corpora</strong></span> <span class='ocrx_word' id='word_1_141' title='bbox 1177 2026 1394 2093; x_wconf 86' lang='lat' dir='ltr'><strong>cymba,</strong></span> 
     </span>
    </p>

    <p class='ocr_par' dir='ltr' id='par_1_10' title="bbox 154 2108 1575 2176">
     <span class='ocr_line' id='line_1_23' title="bbox 154 2108 1575 2176; baseline 0.002 -18"><span class='ocrx_word' id='word_1_142' title='bbox 154 2108 274 2159; x_wconf 92' lang='lat' dir='ltr'><strong>Iam</strong></span> <span class='ocrx_word' id='word_1_143' title='bbox 303 2108 499 2170; x_wconf 90' lang='lat' dir='ltr'><strong>senior,</strong></span> <span class='ocrx_word' id='word_1_144' title='bbox 527 2108 624 2159; x_wconf 90' lang='lat' dir='ltr'><strong>sed</strong></span> <span class='ocrx_word' id='word_1_145' title='bbox 646 2109 817 2159; x_wconf 91' lang='lat' dir='ltr'><strong>cruda</strong></span> <span class='ocrx_word' id='word_1_146' title='bbox 843 2108 950 2160; x_wconf 92' lang='lat' dir='ltr'><strong>deo</strong></span> <span class='ocrx_word' id='word_1_147' title='bbox 978 2109 1279 2176; x_wconf 87' lang='lat' dir='ltr'><strong>viridisque</strong></span> <span class='ocrx_word' id='word_1_148' title='bbox 1305 2116 1575 2161; x_wconf 76' lang='lat' dir='ltr'><strong>senectus,</strong></span> 
     </span>
    </p>

    <p class='ocr_par' dir='ltr' id='par_1_11' title="bbox 149 2191 1824 2508">
     <span class='ocr_line' id='line_1_24' title="bbox 153 2191 1824 2259; baseline 0.001 -17"><span class='ocrx_word' id='word_1_149' title='bbox 153 2191 282 2242; x_wconf 91' lang='lat' dir='ltr'><strong>Huc</strong></span> <span class='ocrx_word' id='word_1_150' title='bbox 310 2192 492 2242; x_wconf 91' lang='lat' dir='ltr'><strong>omnis</strong></span> <span class='ocrx_word' id='word_1_151' title='bbox 518 2192 683 2242; x_wconf 92' lang='lat' dir='ltr'><strong>turba</strong></span> <span class='ocrx_word' id='word_1_152' title='bbox 709 2191 780 2242; x_wconf 91' lang='lat' dir='ltr'><strong>ad</strong></span> <span class='ocrx_word' id='word_1_153' title='bbox 809 2192 958 2259; x_wconf 89' lang='lat' dir='ltr'><strong>ripas</strong></span> <span class='ocrx_word' id='word_1_154' title='bbox 984 2192 1159 2244; x_wconf 88' lang='lat' dir='ltr'><strong>effusa</strong></span> <span class='ocrx_word' id='word_1_155' title='bbox 1187 2192 1396 2254; x_wconf 89' lang='lat' dir='ltr'><strong>ruebat,</strong></span> <span class='ocrx_word' id='word_1_156' title='bbox 1741 2211 1824 2257; x_wconf 83' lang='lat'><strong>305</strong></span> 
     </span>
     <span class='ocr_line' id='line_1_25' title="bbox 149 2275 1499 2343; baseline 0.001 -18"><span class='ocrx_word' id='word_1_157' title='bbox 149 2275 362 2326; x_wconf 90' lang='lat' dir='ltr'><strong>Matres</strong></span> <span class='ocrx_word' id='word_1_158' title='bbox 389 2283 559 2341; x_wconf 90' lang='lat' dir='ltr'><strong>atque</strong></span> <span class='ocrx_word' id='word_1_159' title='bbox 585 2276 702 2338; x_wconf 89' lang='lat' dir='ltr'><strong>viri,</strong></span> <span class='ocrx_word' id='word_1_160' title='bbox 730 2275 1105 2343; x_wconf 89' lang='lat' dir='ltr'><strong>defunctaque</strong></span> <span class='ocrx_word' id='word_1_161' title='bbox 1133 2293 1365 2343; x_wconf 90' lang='lat' dir='ltr'><strong>corpora</strong></span> <span class='ocrx_word' id='word_1_162' title='bbox 1385 2276 1499 2328; x_wconf 89' lang='lat' dir='ltr'><strong>vita</strong></span> 
     </span>
     <span class='ocr_line' id='line_1_26' title="bbox 150 2358 1715 2426; baseline 0.003 -19"><span class='ocrx_word' id='word_1_163' title='bbox 150 2358 582 2424; x_wconf 90' lang='lat' dir='ltr'><strong>Magnanimum</strong></span> <span class='ocrx_word' id='word_1_164' title='bbox 610 2358 858 2421; x_wconf 90' lang='lat' dir='ltr'><strong>heroum,</strong></span> <span class='ocrx_word' id='word_1_165' title='bbox 887 2360 1042 2426; x_wconf 90' lang='lat' dir='ltr'><strong>pueri</strong></span> <span class='ocrx_word' id='word_1_166' title='bbox 1070 2360 1453 2426; x_wconf 87' lang='lat' dir='ltr'><strong>innuptaeque</strong></span> <span class='ocrx_word' id='word_1_167' title='bbox 1479 2359 1715 2426; x_wconf 90' lang='lat' dir='ltr'><strong>puellae,</strong></span> 
     </span>
     <span class='ocr_line' id='line_1_27' title="bbox 153 2440 1573 2508; baseline 0.003 -18"><span class='ocrx_word' id='word_1_168' title='bbox 153 2440 522 2507; x_wconf 87' lang='lat' dir='ltr'><strong>Impositique</strong></span> <span class='ocrx_word' id='word_1_169' title='bbox 547 2442 695 2508; x_wconf 91' lang='lat' dir='ltr'><strong>rogis</strong></span> <span class='ocrx_word' id='word_1_170' title='bbox 723 2442 950 2492; x_wconf 90' lang='lat' dir='ltr'><strong>iuvenes</strong></span> <span class='ocrx_word' id='word_1_171' title='bbox 975 2450 1106 2493; x_wconf 89' lang='lat' dir='ltr'><strong>ante</strong></span> <span class='ocrx_word' id='word_1_172' title='bbox 1132 2459 1229 2492; x_wconf 91' lang='lat' dir='ltr'><strong>ora</strong></span> <span class='ocrx_word' id='word_1_173' title='bbox 1255 2450 1573 2508; x_wconf 88' lang='lat' dir='ltr'><strong>parentum:</strong></span> 
     </span>
    </p>

    <p class='ocr_par' dir='ltr' id='par_1_12' title="bbox 150 2521 1521 2591">
     <span class='ocr_line' id='line_1_28' title="bbox 150 2521 1521 2591; baseline 0.001 -19"><span class='ocrx_word' id='word_1_174' title='bbox 150 2521 335 2589; x_wconf 81' lang='lat' dir='ltr'><strong>Quam</strong></span> <span class='ocrx_word' id='word_1_175' title='bbox 365 2522 542 2573; x_wconf 91' lang='lat' dir='ltr'><strong>multa</strong></span> <span class='ocrx_word' id='word_1_176' title='bbox 568 2523 623 2573; x_wconf 92' lang='lat' dir='ltr'><strong>in</strong></span> <span class='ocrx_word' id='word_1_177' title='bbox 653 2523 805 2575; x_wconf 89' lang='lat' dir='ltr'><strong>silvis</strong></span> <span class='ocrx_word' id='word_1_178' title='bbox 830 2524 1085 2574; x_wconf 90' lang='lat' dir='ltr'><strong>autumni</strong></span> <span class='ocrx_word' id='word_1_179' title='bbox 1113 2523 1314 2591; x_wconf 90' lang='lat' dir='ltr'><strong>frigore</strong></span> <span class='ocrx_word' id='word_1_180' title='bbox 1342 2523 1521 2590; x_wconf 90' lang='lat' dir='ltr'><strong>primo</strong></span> 
     </span>
    </p>

    <p class='ocr_par' dir='ltr' id='par_1_13' title="bbox 149 2603 1824 2836">
     <span class='ocr_line' id='line_1_29' title="bbox 149 2603 1824 2672; baseline 0.001 -17"><span class='ocrx_word' id='word_1_181' title='bbox 149 2605 336 2671; x_wconf 88' lang='lat' dir='ltr'><strong>Lapsa</strong></span> <span class='ocrx_word' id='word_1_182' title='bbox 361 2603 570 2656; x_wconf 90' lang='lat' dir='ltr'><strong>cadunt</strong></span> <span class='ocrx_word' id='word_1_183' title='bbox 598 2604 746 2667; x_wconf 85' lang='lat' dir='ltr'><strong>solia,</strong></span> <span class='ocrx_word' id='word_1_184' title='bbox 772 2613 869 2656; x_wconf 89' lang='lat' dir='ltr'><strong>aut</strong></span> <span class='ocrx_word' id='word_1_185' title='bbox 895 2605 967 2656; x_wconf 94' lang='lat' dir='ltr'><strong>ad</strong></span> <span class='ocrx_word' id='word_1_186' title='bbox 994 2613 1198 2657; x_wconf 90' lang='lat' dir='ltr'><strong>terram</strong></span> <span class='ocrx_word' id='word_1_187' title='bbox 1227 2605 1446 2672; x_wconf 89' lang='lat' dir='ltr'><strong>gurgite</strong></span> <span class='ocrx_word' id='word_1_188' title='bbox 1471 2604 1544 2656; x_wconf 92' lang='lat' dir='ltr'><strong>ab</strong></span> <span class='ocrx_word' id='word_1_189' title='bbox 1569 2605 1686 2657; x_wconf 91' lang='lat' dir='ltr'><strong>alto</strong></span> <span class='ocrx_word' id='word_1_190' title='bbox 1738 2625 1824 2669; x_wconf 89' lang='lat'><strong>310</strong></span> 
     </span>
     <span class='ocr_line' id='line_1_30' title="bbox 149 2686 1734 2754; baseline 0.001 -17"><span class='ocrx_word' id='word_1_191' title='bbox 149 2686 334 2754; x_wconf 80' lang='lat' dir='ltr'><strong>Quam</strong></span> <span class='ocrx_word' id='word_1_192' title='bbox 362 2686 572 2738; x_wconf 91' lang='lat' dir='ltr'><strong>multae</strong></span> <span class='ocrx_word' id='word_1_193' title='bbox 598 2687 980 2753; x_wconf 90' lang='lat' dir='ltr'><strong>glomerantur</strong></span> <span class='ocrx_word' id='word_1_194' title='bbox 1004 2704 1149 2750; x_wconf 78' lang='lat' dir='ltr'><strong>aveS,</strong></span> <span class='ocrx_word' id='word_1_195' title='bbox 1177 2687 1270 2738; x_wconf 93' lang='lat' dir='ltr'><strong>ubi</strong></span> <span class='ocrx_word' id='word_1_196' title='bbox 1298 2687 1530 2753; x_wconf 88' lang='lat' dir='ltr'><strong>frigidus</strong></span> <span class='ocrx_word' id='word_1_197' title='bbox 1556 2704 1734 2739; x_wconf 91' lang='lat' dir='ltr'><strong>annus</strong></span> 
     </span>
     <span class='ocr_line' id='line_1_31' title="bbox 149 2768 1544 2836; baseline 0.002 -18"><span class='ocrx_word' id='word_1_198' title='bbox 149 2768 329 2818; x_wconf 92' lang='lat' dir='ltr'><strong>Trans</strong></span> <span class='ocrx_word' id='word_1_199' title='bbox 357 2776 592 2834; x_wconf 91' lang='lat' dir='ltr'><strong>pontum</strong></span> <span class='ocrx_word' id='word_1_200' title='bbox 622 2769 777 2835; x_wconf 91' lang='lat' dir='ltr'><strong>fugat</strong></span> <span class='ocrx_word' id='word_1_201' title='bbox 804 2777 860 2821; x_wconf 91' lang='lat' dir='ltr'><strong>et</strong></span> <span class='ocrx_word' id='word_1_202' title='bbox 887 2770 1045 2820; x_wconf 91' lang='lat' dir='ltr'><strong>terris</strong></span> <span class='ocrx_word' id='word_1_203' title='bbox 1072 2770 1305 2819; x_wconf 90' lang='lat' dir='ltr'><strong>inmittit</strong></span> <span class='ocrx_word' id='word_1_204' title='bbox 1331 2769 1544 2836; x_wconf 80' lang='lat' dir='ltr'><strong>apricis,</strong></span> 
     </span>
    </p>

    <p class='ocr_par' dir='ltr' id='par_1_14' title="bbox 147 2849 1523 2999">
     <span class='ocr_line' id='line_1_32' title="bbox 150 2849 1497 2918; baseline 0.001 -17"><span class='ocrx_word' id='word_1_205' title='bbox 150 2849 391 2902; x_wconf 86' lang='lat' dir='ltr'><strong>Stabant</strong></span> <span class='ocrx_word' id='word_1_206' title='bbox 418 2858 641 2902; x_wconf 89' lang='lat' dir='ltr'><strong>orantes</strong></span> <span class='ocrx_word' id='word_1_207' title='bbox 669 2852 830 2918; x_wconf 90' lang='lat' dir='ltr'><strong>primi</strong></span> <span class='ocrx_word' id='word_1_208' title='bbox 857 2853 1234 2902; x_wconf 90' lang='lat' dir='ltr'><strong>transmittere</strong></span> <span class='ocrx_word' id='word_1_209' title='bbox 1260 2868 1497 2913; x_wconf 88' lang='lat' dir='ltr'><strong>cursum,</strong></span> 
     </span>
     <span class='ocr_line' id='line_1_33' title="bbox 147 2931 1523 2999; baseline 0.002 -18"><span class='ocrx_word' id='word_1_210' title='bbox 147 2931 590 2997; x_wconf 90' lang='lat' dir='ltr'><strong>Tendebantque</strong></span> <span class='ocrx_word' id='word_1_211' title='bbox 617 2949 814 2983; x_wconf 92' lang='lat' dir='ltr'><strong>manus</strong></span> <span class='ocrx_word' id='word_1_212' title='bbox 842 2934 993 2999; x_wconf 88' lang='lat' dir='ltr'><strong>ripae</strong></span> <span class='ocrx_word' id='word_1_213' title='bbox 1022 2932 1294 2983; x_wconf 88' lang='lat' dir='ltr'><strong>ulterioris</strong></span> <span class='ocrx_word' id='word_1_214' title='bbox 1321 2948 1523 2984; x_wconf 88' lang='lat' dir='ltr'><strong>amore.</strong></span> 
     </span>
    </p>
   </div>
  </div>
 </body>
</html>
