2090 3362
331 250 424 295 160
742 247 893 295 THE
931 247 1273 296 SHORTER
1310 248 1587 296 AENEID
1693 248 1791 311 [xl.
1824 256 1994 308 152-181

322 380 349 401 “
372 377 501 428 Non
530 376 682 438 haec,
709 394 742 426 o
772 375 942 438 Palla,
969 375 1203 428 dederas
1231 377 1505 445 promissa
1533 379 1766 446 parenti,

324 458 557 511 Cautius
587 468 646 510 ut
674 476 842 510 saevo
868 459 1038 510 velles
1063 467 1120 511 te
1146 460 1371 512 credere
1401 461 1584 513 Marti.

326 541 496 593 Haud
526 542 753 609 ignarus
780 558 946 603 eram,
974 549 1248 609 quantum
1279 560 1425 594 nova
1451 544 1630 610 gloria
1658 545 1712 595 in
1741 545 1909 596 armis

324 625 399 675 Et
427 623 723 691 praedulce
751 624 924 676 decus
951 625 1132 692 primo
1159 626 1464 678 certamine
1491 635 1696 694 posset.
1920 645 1997 691 155

325 707 609 758 Primitiae
637 707 850 759 iuvenis
879 707 1129 770 miserae,
1156 706 1398 775 bellique
1425 710 1721 777 propinqui

325 788 482 839 Dura
508 788 849 840 rudimenta!
890 797 947 840 et
974 788 1111 840 nulli
1138 790 1410 842 exaudita
1437 790 1667 843 deorum

322 870 475 923 Vota
503 889 805 938 precesque
833 872 1014 923 meae!
1055 878 1244 938 tuque,
1271 890 1304 924 o
1332 874 1684 925 sanctissima
1711 873 1975 936 coniunx,

323 954 486 1005 Felix
516 962 695 1006 morte
722 962 833 1017 tua,
862 970 1043 1020 neque
1070 954 1124 1004 in
1155 953 1302 1006 hunc
1330 963 1550 1007 servata
1577 955 1853 1007 dolorem!

323 1036 532 1089 Contra
558 1054 665 1103 ego
693 1035 932 1088 vivendo
959 1036 1065 1086 vici
1094 1053 1219 1088 mea
1247 1035 1378 1099 sata,
1404 1045 1684 1105 superstes
1921 1043 2003 1088 160

324 1121 618 1172 Restarem
646 1128 707 1171 ut
734 1121 968 1187 genitor.
1028 1119 1239 1170 Troum
1269 1119 1420 1171 socia
1448 1137 1602 1171 arma
1630 1127 1883 1172 secutum

320 1202 639 1256 Obruerent
669 1202 863 1254 Rutuli
891 1202 1040 1253 telis!
1082 1202 1328 1253 animam
1358 1203 1477 1270 ipse
1505 1203 1804 1265 dedissem,

323 1285 515 1352 Atque
535 1285 674 1337 haec
696 1302 907 1353 pompa
928 1284 1161 1336 domum
1192 1302 1295 1347 me,
1316 1303 1428 1336 non
1456 1286 1727 1348 Pallanta,
1749 1285 1998 1337 referret!

323 1369 374 1419 N
379 1387 441 1420 ec
470 1386 569 1420 vos
596 1369 891 1436 arguerim,
919 1368 1136 1430 Teucri,
1165 1385 1266 1419 nec
1294 1368 1532 1431 foedera,
1562 1386 1662 1420 nec
1689 1386 1829 1435 quas

325 1452 622 1504 Iunximus
649 1451 896 1519 hospitio
923 1451 1180 1514 dextras;
1223 1468 1342 1502 sors
1370 1452 1476 1502 ista
1504 1460 1762 1503 senectae
1920 1458 1999 1514 165

323 1535 530 1587 Debita
556 1544 675 1588 erat
703 1544 941 1587 nostrae.
1002 1534 1169 1603 Quod
1198 1535 1244 1585 si
1271 1536 1571 1586 immatura
1598 1535 1863 1587 manebat

325 1619 479 1670 Mors
507 1626 718 1681 natum,
745 1618 919 1669 caesis
948 1617 1283 1669 Volscorum
1315 1617 1538 1669 milibus
1564 1626 1695 1670 ante

324 1701 637 1753 Ducentem
667 1702 721 1751 in
752 1700 977 1752 Latium
1006 1700 1252 1752 Teucros
1279 1701 1545 1752 cecidisse
1573 1701 1801 1753 iuvaret.

323 1784 475 1852 Quin
502 1801 607 1852 ego
635 1801 747 1835 non
774 1783 884 1834 alio
912 1783 1109 1851 digner
1134 1791 1190 1835 te
1218 1783 1422 1846 funere,
1452 1784 1622 1846 Palla,

324 1867 509 1935 Quam
539 1867 662 1934 pius
691 1867 931 1928 AeneaS,
958 1874 1015 1918 et
1041 1883 1210 1933 quam
1240 1867 1429 1933 magni
1458 1867 1723 1935 Phryges,
1750 1875 1805 1919 et
1831 1884 1999 1934 quam

322 1950 709 2017 Tyrrhenique
735 1950 920 2012 duceS,
949 1949 1303 2016 Tyrrhenum
1331 1950 1610 2001 exercitus
1637 1950 1834 2002 omnis,
1920 1968 1995 2011 171

324 2033 535 2101 Magna
562 2041 790 2101 tropaea
818 2032 1013 2096 ferunt,
1040 2050 1180 2099 quos
1207 2031 1304 2083 dat
1331 2041 1428 2083 tua
1455 2032 1690 2084 dextera
1717 2033 1852 2096 leto;

322 2116 410 2167 Tu
438 2134 661 2183 quoque
689 2133 834 2167 nunc
863 2123 1038 2167 stares
1066 2115 1327 2166 immanis
1354 2123 1582 2166 truncus
1609 2116 1662 2166 in
1692 2116 1874 2178 armiS,

323 2200 490 2250 Esset
517 2216 617 2265 par
642 2206 796 2250 aetas
825 2206 880 2249 et
907 2197 1056 2249 idem
1084 2198 1130 2248 si
1157 2197 1323 2249 robur
1348 2197 1419 2248 ab
1447 2199 1623 2259 annis,

323 2281 526 2333 Turne.
582 2280 695 2333 Sed
724 2280 920 2332 infelix
951 2280 1197 2331 Teucros
1224 2280 1357 2346 quid
1386 2279 1645 2330 demoror
1671 2281 1869 2331 armis?
1921 2298 1999 2343 175

323 2364 535 2416 Vadite
561 2372 619 2415 et
644 2363 780 2415 haec
809 2380 1082 2415 memores
1110 2363 1225 2430 regi
1255 2363 1521 2414 mandata
1547 2363 1768 2414 referte:

321 2451 331 2472 ‘
354 2446 522 2515 Quod
550 2447 723 2498 vitam
753 2463 939 2497 moror
965 2446 1217 2507 invisam,
1246 2445 1501 2496 Pallante
1528 2454 1832 2514 perempt0‚

325 2531 577 2581 Dextera
605 2546 773 2580 causa
799 2536 897 2579 tua
923 2536 1024 2590 est,
1051 2528 1301 2578 Turnum
1331 2536 1574 2594 natoque
1601 2529 1855 2596 patrique

324 2613 508 2679 Quam
537 2611 740 2663 debere
766 2611 937 2663 vides,
994 2610 1210 2661 Meritis
1237 2618 1398 2661 vacat
1424 2610 1512 2661 hic
1539 2611 1639 2661 tibi
1668 2611 1816 2662 solus
2084 2675 2090 2682 ,

327 2697 717 2760 Fortunaeque
744 2693 910 2745 locus,
972 2693 1100 2743 Non
1129 2693 1277 2743 vitae
1303 2691 1508 2759 gaudia
1534 2710 1765 2759 quaer0;
1918 2702 1999 2746 180
2079 2687 2090 2724 ’ἶ

326 2778 442 2828 Nec
470 2777 577 2840 fas;
619 2776 716 2827 sed
744 2783 879 2827 nato
909 2776 1107 2826 Manes
1135 2774 1374 2841 perferre
1401 2775 1503 2826 sub
1532 2776 1703 2827 imOS.’
1727 2777 1751 2796 '’

402 2887 645 2949 182-295.
705 2884 814 2934 The
859 2883 1023 2934 dawn
1075 2882 1195 2932 lzaa'
1230 2900 1382 2945 come,
1433 2884 1552 2934 and
1594 2884 1808 2935 Aeneas
1863 2884 1999 2936 with
2084 2890 2090 2908 ⁴·

332 2956 573 3007 Tarchon
624 2973 742 3006 was
798 2963 935 3021 upon
994 2954 1083 3005 the
1133 2954 1288 3004 shore
1343 2963 1395 3005 to
1449 2955 1581 3006 hold
1639 2956 1725 3006 the
1769 2957 2007 3021 funeral
2084 3022 2086 3027 ,
