2090 3362
934 753 1188 813 BOOK
1245 754 1335 812 IV

444 922 493 972 T
523 922 713 989 regina
741 921 895 988 gravi
924 921 1253 972 iamdudum
1283 922 1471 973 saucia
1498 939 1628 973 cura

480 1004 700 1056 Volnus
728 1004 828 1055 alit
854 1004 1026 1062 venis,
1055 1011 1110 1055 et
1137 1021 1306 1055 caeco
1333 1005 1577 1072 carpitur
1603 1005 1738 1072 igni.

294 1087 477 1138 Multa
504 1087 603 1138 viri
630 1087 803 1139 virtus
830 1086 1036 1150 anim0,
1064 1087 1384 1154 multusque
1411 1096 1656 1140 recursat

293 1168 491 1221 Gentis
518 1169 697 1220 honos
712 1187 724 1232 ;
763 1169 996 1220 haerent
1022 1168 1184 1220 infixi
1212 1177 1438 1236 pectore
1463 1170 1647 1222 voltus

293 1252 607 1319 Verbaque,
634 1269 735 1303 nec
763 1252 1042 1320 placidam
1072 1251 1335 1303 membris
1363 1252 1462 1304 dat
1488 1270 1620 1304 cura
1646 1253 1907 1319 quietem.
1947 1271 1969 1316 5

294 1335 525 1387 Postera
552 1334 815 1386 Phoebea
842 1334 1115 1386 lustrabat
1140 1335 1402 1402 lampade
1427 1342 1601 1386 terras

296 1417 757 1484 Humentemque
785 1417 1006 1468 Aurora
1033 1417 1164 1485 polo
1190 1417 1503 1469 dimoverat
1529 1418 1801 1481 umbram,

294 1499 434 1552 Cum
464 1499 541 1550 sic
569 1500 893 1551 unanimam
921 1499 1242 1566 adloquitur
1270 1500 1415 1551 male
1441 1517 1577 1551 sana
1604 1517 1873 1552 sororem:

294 1582 511 1634 “Anna
537 1599 706 1646 soror,
733 1598 877 1649 quae
904 1599 994 1633 me
1021 1599 1350 1649 suspensam
1379 1582 1657 1634 insomnia
1683 1583 1913 1635 terrent!

297 1665 437 1733 Quis
465 1682 642 1716 novus
669 1665 759 1715 hic
786 1665 991 1716 nostris
1015 1665 1281 1716 successit
1309 1664 1534 1716 sedibus
1561 1665 1780 1733 hospeS‚
1920 1686 1972 1716 10

294 1747 477 1815 Quem
506 1764 626 1799 sese
652 1765 747 1799 ore
774 1748 970 1810 ferenS‚
997 1765 1165 1814 quam
1194 1747 1323 1799 forti
1350 1757 1574 1814 pectore
1599 1755 1656 1800 et
1682 1749 1871 1799 armis!

298 1829 479 1882 Credo
506 1829 782 1896 equidem,
808 1847 910 1881 nec
937 1847 1083 1881 vana
1110 1830 1262 1893 fides,
1288 1847 1464 1897 genus
1491 1847 1612 1881 esse
1638 1829 1883 1883 deorum.

298 1913 617 1979 Degeneres
645 1913 862 1964 animos
889 1913 1055 1964 timor
1082 1913 1278 1980 arguit.
1337 1913 1482 1975 Heu,
1508 1912 1708 1979 quibus
1734 1912 1827 1964 ille

300 1996 545 2047 Iactatus
572 1996 721 2048 fatis!
761 2013 905 2063 quae
930 1995 1078 2047 bella
1103 1995 1381 2047 exhausta
1407 1995 1665 2047 canebat!

297 2078 358 2131 Si
386 2078 521 2130 mihi
550 2095 663 2129 non
691 2080 880 2130 animo
908 2078 1086 2129 fixum
1115 2078 1526 2144 immotumque
1552 2077 1784 2140 sederet,
1918 2097 1967 2142 15

298 2162 385 2212 Ne
411 2161 499 2212 cui
528 2178 618 2212 me
642 2160 827 2212 vinclo
853 2161 1054 2212 vellem
1083 2160 1292 2211 sociare
1318 2160 1504 2227 iugali,

297 2245 602 2310 Postquam
629 2244 841 2309 primus
868 2260 1025 2294 amor
1050 2242 1345 2309 deceptam
1376 2249 1553 2293 morte
1581 2242 1800 2307 fefellit;

298 2327 359 2380 Si
387 2343 498 2377 non
527 2334 843 2394 pertaesum
871 2325 1103 2377 thalami
1131 2325 1442 2391 taedaeque
1469 2325 1676 2388 fuisset,

300 2412 447 2463 Huic
475 2412 569 2462 uni
595 2412 777 2462 forsan
806 2412 963 2478 potui
990 2411 1349 2462 succumbere
1376 2411 1584 2478 culpae.

298 2494 481 2555 Anna,
509 2493 724 2544 fatebor
749 2493 914 2556 enim,
941 2493 1124 2543 miseri
1150 2501 1279 2560 post
1306 2493 1420 2544 fata
1448 2492 1686 2559 Sychaei
1912 2514 1971 2546 20

299 2576 565 2642 Coniugis
592 2583 648 2627 et
674 2592 896 2643 sparsos
923 2575 1164 2626 fraterna
1193 2574 1362 2626 caede
1391 2575 1643 2638 PenateS,

300 2657 464 2709 Solus
491 2658 580 2708 hic
607 2657 826 2709 inflexit
852 2673 1062 2720 sensuS‚
1087 2658 1446 2723 animumque
1473 2657 1755 2709 labantem

305 2738 551 2805 Impulit.
609 2738 919 2806 Adgnosco
946 2739 1146 2790 veteris
1173 2739 1407 2805 vestigia
1434 2739 1703 2791 flammae.

303 2820 416 2872 Sed
446 2821 580 2871 mihi
607 2821 694 2872 vel
723 2821 888 2872 tellus
916 2828 1106 2887 optem
1136 2821 1285 2887 prius
1314 2821 1425 2872 ima
1452 2821 1717 2886 dehiscat,

301 2901 407 2952 Vel
439 2903 600 2953 Pater
627 2904 983 2970 omnipotens
1011 2903 1201 2968 adigat
1230 2920 1318 2953 me
1344 2903 1574 2954 fulmine
1601 2905 1670 2956 ad
1700 2906 1937 2970 umbraS‚

1099 2992 1157 3046 48
