2090 3362
192 255 259 289 v1.
287 242 485 303 654-690]
602 242 755 288 THE
792 240 1132 289 SHORTER
1172 242 1449 289 AENEID
1803 256 1864 303 97

197 371 610 438 Armorumque
637 371 741 422 fuit
766 371 922 433 viviS,
948 363 1090 438 quae
1117 388 1249 423 cura
1274 371 1518 424 nitentes

195 454 426 503 Pascere
450 469 640 519 equOS,
665 452 863 504 eadem
893 453 1142 519 sequitur
1165 453 1363 504 tellure
1390 461 1658 520 repostos,
1778 460 1865 518 655

194 536 498 602 Conspicit,
525 553 668 599 ecce,
694 536 834 587 alios
861 536 1064 587 dextra
1091 535 1360 603 laevaque
1387 553 1484 603 per
1510 535 1740 587 herbam

192 618 500 669 Vescentes
528 617 849 685 laetumque
876 617 1046 669 choro
1075 618 1296 669 Paeana
1323 625 1588 670 canentes

195 701 348 752 Inter
374 701 669 752 odoratum
699 701 837 753 lauri
866 717 1079 763 nemuS,
1106 701 1255 752 unde
1283 718 1521 768 superne

189 784 464 835 Plurimus
495 783 728 834 Eridani
757 801 855 851 per
880 783 1079 835 silvam
1106 783 1349 835 volvitur
1375 784 1570 836 amnis,

196 867 305 918 Hic
334 883 532 917 manus
560 866 632 918 ob
661 867 898 934 patriam
928 866 1236 934 pugnando
1263 866 1491 919 volnera
1517 868 1682 935 passi,
1779 874 1868 918 660

193 948 416 1018 Quique
443 949 759 1000 sacerdotes
787 949 943 1012 casti,
970 948 1102 1000 dum
1135 949 1248 1000 vita
1277 949 1558 1012 manebat,

193 1031 416 1099 Quique
442 1032 518 1099 pii
544 1039 702 1082 vates
730 1040 787 1083 et
815 1031 1045 1083 Phoebo
1071 1030 1245 1098 digna
1270 1031 1458 1093 locuti,

101 1161 105 1163 ,
195 1114 461 1166 Inventas
489 1122 586 1166 aut
613 1115 707 1181 qui
736 1115 910 1166 vitam
939 1114 1236 1166 excoluere
1263 1131 1362 1182 per
1388 1122 1551 1178 arteS,

192 1196 417 1265 Quique
444 1197 528 1248 sui
558 1214 833 1249 memores
860 1197 999 1248 alios
1028 1197 1206 1249 fecere
1234 1197 1526 1261 merendo;

192 1279 471 1332 Omnibus
498 1280 583 1331 his
613 1281 775 1332 nivea
802 1281 1102 1347 cinguntur
1126 1289 1383 1348 tempora
1409 1281 1562 1333 vitta.
1776 1286 1862 1344 665

191 1364 348 1433 Quos
375 1364 739 1415 circumfusos
767 1364 844 1415 sic
871 1371 957 1415 est
983 1363 1175 1415 adfata
1203 1363 1444 1432 Sibylla:

262 1522 518 1587 667-678.
557 1526 583 1548 “
606 1522 736 1588 Say,
762 1521 937 1589 happy
961 1523 1120 1585 souls,
1146 1521 1324 1574 where
1348 1522 1498 1573 shall
1517 1521 1784 1573 Anchises
1807 1521 1867 1573 be

176 1594 406 1660 found?
452 1595 566 1645 For
598 1594 687 1645 his
722 1594 851 1645 sake
887 1612 983 1644 are
1017 1611 1098 1645 we
1140 1612 1280 1646 come
1316 1612 1494 1646 across
1533 1593 1620 1646 tlte
1656 1593 1866 1662 nglzzfy

193 1667 368 1717 rivers
393 1667 460 1731 of
470 1666 644 1718 Hell.''
697 1666 748 1716 T
743 1667 807 1717 lte
831 1684 1048 1717 answer
1072 1684 1217 1717 came
1240 1666 1364 1718 that
1386 1684 1520 1717 none
1538 1666 1639 1717 has
1663 1685 1699 1717 a
1708 1667 1872 1733 fixed

191 1739 387 1798 abode,·
426 1739 546 1804 they
570 1739 738 1789 dwell
759 1738 824 1803 by
835 1756 1000 1805 green
1016 1747 1288 1805 pastures,
1307 1738 1481 1790 beside
1505 1739 1615 1790 cool
1635 1747 1866 1790 waters:

193 1811 311 1862 and
331 1810 419 1861 tlte
441 1819 604 1862 sweet
627 1810 815 1877 sz‘nger
835 1811 1105 1862 Musaeus
1139 1810 1342 1878 offered
1368 1819 1419 1862 to
1451 1810 1509 1862 be
1534 1811 1679 1862 their
1693 1810 1864 1877 guide

193 1892 245 1934 to
271 1883 358 1934 the
386 1883 634 1950 Shz'ning
652 1883 728 1933 M
725 1883 951 1935 eadowS.

266 2041 348 2092 At
374 2048 532 2108 pater
561 2041 843 2091 Anchises
871 2040 1091 2108 penitus
1118 2039 1369 2092 convalle
1393 2041 1590 2092 virenti

199 2124 448 2175 Inclusas
476 2125 692 2174 animas
720 2140 1097 2191 superumque
1124 2123 1196 2174 ad
1222 2123 1411 2175 lumen
1439 2125 1610 2176 ituras
1774 2131 1862 2175 680

196 2207 499 2258 Lustrabat
526 2207 713 2258 studio
740 2206 1005 2268 recolenS,
1031 2223 1371 2273 omnemque
1396 2223 1620 2258 suorum

197 2291 365 2342 Forte
392 2289 716 2341 recensebat
744 2306 1036 2340 numerum
1066 2305 1332 2356 carosque
1358 2297 1607 2357 nepoteS,

196 2371 448 2438 Fataque
476 2372 835 2439 fortunasque
861 2372 1039 2422 virum
1070 2387 1359 2437 moresque
1387 2388 1706 2438 manusque.

197 2454 362 2520 Isque
390 2453 483 2505 ubi
510 2454 838 2505 tendentem
868 2454 1163 2505 adversum
1193 2470 1290 2520 per
1316 2453 1568 2520 gramina
1595 2453 1735 2507 vidit

195 2535 445 2598 Aenean,
472 2536 681 2587 alacres
710 2535 925 2602 palmas
953 2543 1215 2601 utrasque
1241 2535 1495 2599 tetendit,
1772 2544 1858 2602 685

194 2617 530 2684 Effusaeque
557 2619 715 2686 genis
743 2618 1019 2680 lacrimae,
1045 2626 1101 2669 et
1127 2635 1242 2669 vox
1270 2617 1482 2669 excidit
1509 2635 1627 2670 ore:

191 2698 459 2749 “Venisti
487 2699 733 2762 tandem,
759 2707 967 2765 tuaque
992 2706 1322 2765 exspectata
1349 2700 1564 2765 parenti

191 2780 344 2831 Vicit
371 2781 474 2831 iter
500 2780 700 2832 durum
728 2782 939 2848 pietas?
978 2780 1144 2832 datur
1169 2798 1265 2831 ora
1293 2781 1449 2843 tueri,

195 2862 358 2923 Nate,
383 2870 495 2925 tua,
521 2871 577 2915 et
603 2871 765 2915 notas
792 2863 985 2915 audire
1011 2871 1068 2914 et
1094 2862 1324 2914 reddere
1351 2868 1546 2915 voces?

195 2944 286 2997 Sic
314 2944 571 3011 equidem
600 2945 873 2997 ducebam
899 2946 1087 2996 animo
1114 2945 1382 3013 rebarque
1409 2945 1671 3011 futurum,
1770 2957 1859 3014 690

1001 3038 1045 3078 H
