2090 3362
279 237 339 281 26
689 237 840 284 THE
875 235 1214 285 SHORTER
1251 235 1526 283 AENEID
1665 231 1740 299 [11.
1767 239 1943 289 484-529

278 362 573 431 Adparent
602 365 805 415 Priami
834 371 890 416 et
915 371 1166 415 veterum
1194 364 1502 432 penetralia
1530 380 1738 431 regum,

279 446 657 514 Armatosque
682 447 876 499 vident
903 454 1115 499 stantes
1142 448 1198 499 in
1226 447 1418 499 limine
1443 447 1639 515 primo,
1857 452 1942 508 485

348 628 479 691 486-
487 638 603 692 505.
643 628 803 679 “But
843 628 966 679 still
1002 628 1258 692 Pyrrhus
1293 628 1466 694 raged
1498 628 1735 679 onward
1761 626 1869 679 like
1910 645 1946 678 a

275 707 476 750 stream
503 699 562 751 z‘n
574 699 760 768 stood,·
801 700 887 751 the
912 701 1044 751 door
1065 717 1183 751 was
1207 700 1452 752 battered
1469 700 1644 763 down,
1670 699 1789 751 and
1808 699 1946 750 with

278 789 367 835 my
393 789 515 823 own
541 790 655 839 eyes
679 773 718 824 I
735 790 855 824 saw
882 772 968 824 the
992 772 1276 839 slaughter
1298 772 1419 824 that
1447 772 1512 824 he
1546 772 1715 835 made,
1741 771 1805 823 he
1834 771 1952 823 and

278 844 654 910 Neoptolemus
684 845 802 896 and
825 845 1045 897 Atreus’
1073 844 1285 911 nglzzjy
1308 862 1444 896 som.

351 1033 376 1054 “
398 1029 655 1081 Forsitan
683 1037 754 1092 et,
783 1030 987 1081 Priami
1016 1030 1219 1081 fuerint
1245 1046 1389 1097 quae
1416 1029 1544 1092 fata,
1571 1029 1828 1096 requiras

282 1111 452 1164 Urbis
480 1112 559 1163 uti
587 1120 786 1179 captae
813 1129 1003 1164 casum
1033 1112 1408 1179 convolsaque
1434 1112 1574 1164 vidit

282 1194 505 1245 Limina
531 1202 805 1246 tectorum
833 1202 889 1246 et
916 1195 1162 1246 medium
1191 1195 1246 1245 in
1275 1194 1653 1262 penetralibus
1682 1196 1917 1257 hostem,

282 1276 460 1328 Arma
487 1276 583 1329 diu
610 1278 792 1329 senior
820 1277 1052 1330 desueta
1079 1277 1446 1330 trementibus
1474 1295 1612 1329 aevo

281 1360 604 1412 Circumdat
631 1361 969 1428 nequiquam
997 1361 1257 1424 humeriS,
1284 1369 1340 1412 et
1366 1360 1563 1412 inutile
1591 1361 1792 1412 serrum
1873 1379 1958 1425 510

282 1443 550 1510 Cingitur,
578 1461 641 1495 ac
669 1444 873 1496 densos
902 1444 1073 1496 fertur
1100 1445 1399 1496 moriturus
1429 1445 1483 1495 in
1512 1444 1718 1495 hostes.

283 1526 537 1578 Aedibus
564 1527 619 1577 in
648 1527 847 1578 mediis
874 1527 1137 1594 nudoque
1165 1527 1269 1578 sub
1295 1526 1536 1579 aetheris
1563 1543 1672 1578 axe

286 1610 493 1677 Ingens
520 1627 615 1661 ara
641 1610 746 1662 fuit
773 1611 1046 1677 iuxtaque
1073 1610 1368 1662 veterrima
1395 1610 1597 1672 lauru5,

286 1692 624 1744 Incumbens
650 1710 778 1745 arae
805 1700 974 1760 atque
1001 1692 1197 1744 umbra
1225 1692 1506 1760 conplexa
1535 1693 1788 1744 Penates,

286 1776 397 1827 Hic
428 1775 664 1828 Hecuba
691 1783 747 1828 et
774 1784 940 1828 natae
968 1777 1307 1843 nequiquam
1334 1776 1530 1828 altaria
1557 1777 1778 1838 circum,
1873 1793 1953 1840 515

284 1858 619 1926 Praecipites
650 1867 771 1910 atra
798 1876 899 1910 ceu
927 1866 1262 1926 tempestate
1290 1858 1599 1921 columbae,

284 1941 614 1993 Condensae
641 1950 697 1994 et
724 1942 912 1993 divom
942 1942 1242 2010 amplexae
1268 1941 1563 1993 simulacra
1589 1941 1873 1993 sedebant.

287 2025 479 2092 Ipsum
508 2033 695 2077 autem
725 2025 964 2092 sumptis
992 2026 1276 2076 Priamum
1305 2024 1652 2076 iuvenalibus
1681 2024 1847 2075 armis

288 2111 367 2162 Ut
394 2110 549 2173 vidit,
570 2115 581 2136 ‘
601 2111 763 2179 Quae
790 2128 949 2162 mens
976 2118 1093 2162 tam
1121 2110 1255 2173 dira,
1284 2110 1590 2162 miserrime
1616 2110 1879 2172 coniunx,

290 2197 522 2264 Impulit
547 2196 633 2248 his
660 2197 807 2263 cingi
836 2196 995 2248 telis?
1032 2204 1130 2248 aut
1157 2213 1269 2263 quo
1296 2196 1441 2247 ruis?
1461 2196 1471 2216 ’
1511 2196 1706 2262 inquit.
1875 2214 1960 2259 520

283 2284 294 2305 ‘
317 2281 446 2331 Non
473 2279 571 2332 tali
599 2279 811 2330 auxilio
840 2296 941 2330 nec
968 2278 1354 2330 defensoribus
1382 2278 1499 2329 istis

285 2363 535 2431 Tempus
562 2370 715 2429 eget;
750 2379 878 2424 non,
905 2362 950 2411 si
980 2362 1097 2428 ipse
1125 2379 1280 2412 meus
1308 2377 1455 2411 nunc
1483 2359 1700 2411 adforet
1731 2361 1956 2412 Hector.

290 2446 417 2496 Huc
445 2445 674 2496 tandem
703 2444 974 2507 concede;
1009 2444 1144 2494 haec
1172 2460 1267 2494 ara
1295 2442 1539 2494 tuebitur
1565 2459 1774 2505 omneS,

287 2527 406 2578 Aut
435 2527 668 2578 moriere
694 2525 891 2577 simul.’
943 2525 1037 2578 Sic
1064 2542 1158 2576 ore
1186 2524 1354 2576 effata
1381 2523 1589 2590 recepit

287 2609 382 2659 Ad
409 2626 529 2661 sese
557 2616 612 2660 et
647 2626 802 2660 sacra
829 2607 1162 2675 longaevum
1192 2608 1247 2657 in
1278 2606 1410 2657 sede
1437 2606 1655 2657 locavit.
1878 2624 1958 2670 525

359 2692 551 2743 “Ecce
579 2700 765 2744 autem
795 2691 1017 2759 elapsus
1047 2689 1241 2758 Pyrrhi
1270 2689 1340 2740 de
1367 2688 1538 2740 caede
1568 2688 1790 2751 Polites,

291 2776 451 2827 Unus
479 2785 735 2827 natorum
768 2777 987 2839 Priami,
1009 2792 1106 2842 per
1133 2774 1259 2836 tela,
1287 2790 1383 2840 per
1410 2773 1598 2823 hostes

291 2859 598 2909 Porticibus
626 2859 807 2926 longis
836 2858 992 2925 fugit,
1018 2866 1074 2908 et
1101 2873 1275 2907 vacua
1307 2856 1445 2907 atria
1472 2855 1670 2906 lustrat

290 2939 549 2991 Saucius:
586 2940 741 2991 illum
771 2939 971 2991 ardens
1000 2939 1200 2990 infesto
1228 2937 1451 2989 volnere
1480 2937 1721 3003 Pyrrhus
