2090 3362
808 737 1061 796 BOOK
1113 737 1242 796 VII

959 919 1085 969 1-14

363 975 480 1026 HE
505 975 744 1027 harbour
784 976 971 1029 Caieta
1009 977 1197 1027 rec-alls
1237 976 1325 1027 the
1352 992 1508 1026 name
1540 977 1609 1041 of
1630 975 1861 1026 Aeneas'

335 1065 528 1109 nurse,·
564 1048 659 1099 but
682 1049 898 1100 Aeneas
923 1050 1045 1114 only
1070 1049 1261 1114 stayed
1279 1050 1408 1114 long
1429 1047 1634 1114 enough
1661 1056 1711 1098 to
1731 1047 1864 1114 ffer

183 1118 422 1187 sacrifice
459 1129 510 1170 to
547 1120 648 1171 ker
685 1139 934 1187 memory,
961 1122 1080 1172 and
1115 1122 1180 1186 by
1211 1120 1480 1188 nzgrlzzfall
1514 1138 1632 1171 was
1668 1138 1734 1171 on
1773 1119 1861 1170 lzz‘s

187 1209 310 1255 way
327 1201 458 1259 past
479 1192 679 1245 Circeii
702 1194 759 1245 z'n
788 1193 875 1244 the
901 1193 1131 1260 evenz'ng
1152 1193 1340 1245 breeze.

191 1348 340 1398 Hinc
367 1347 620 1399 exaudiri
647 1349 887 1415 gemitus
915 1350 1137 1415 iraeque
1164 1348 1405 1411 leonum,
1810 1365 1859 1411 15

187 1429 389 1481 Vincla
415 1439 767 1482 recusantum
796 1439 852 1482 et
879 1449 1001 1482 sera
1022 1431 1126 1482 sub
1154 1439 1317 1483 nocte
1339 1431 1654 1493 rudentum,

189 1512 571 1580 Saetigerique
597 1531 721 1565 sues
748 1523 916 1581 atque
943 1515 998 1565 in
1021 1514 1383 1582 praesepibus
1410 1515 1522 1565 ursi

189 1594 430 1658 Saevire,
457 1613 520 1646 ac
549 1596 758 1648 formae
787 1614 1119 1664 magnorum
1150 1597 1359 1649 ululare
1386 1597 1662 1665 luporum,

192 1679 347 1747 Quos
374 1679 663 1732 hominum
692 1699 764 1733 ex
788 1682 926 1733 facie
947 1681 1052 1733 dea
1079 1699 1245 1733 saeva
1274 1681 1597 1749 potentibus
1626 1680 1811 1733 herbis

195 1762 460 1814 Induerat
488 1763 645 1815 Circe
672 1764 726 1814 in
755 1764 937 1816 voltus
965 1782 1028 1814 ac
1057 1771 1215 1831 terga
1242 1764 1497 1816 ferarum.
1805 1783 1863 1813 20

194 1845 354 1913 Quae
381 1863 450 1897 ne
472 1854 719 1898 monstra
746 1848 822 1915 pii
850 1855 1172 1914 paterentur
1197 1847 1330 1898 talia
1359 1848 1533 1899 Troes

194 1928 382 1980 Delati
410 1929 464 1979 in
493 1938 701 1996 portuS,
726 1947 833 1982 neu
862 1930 1026 1981 litora
1052 1930 1173 1981 dira
1199 1930 1464 1993 subirent,

197 2012 492 2079 Neptunus
519 2014 699 2064 ventis
727 2013 978 2081 implevit
1004 2014 1128 2064 vela
1155 2014 1428 2076 secundiS,

195 2094 383 2161 Atque
409 2094 598 2162 fugam
627 2096 797 2158 dedit,
823 2104 879 2148 et
908 2104 1124 2164 praeter
1150 2097 1294 2147 vada
1322 2096 1532 2148 fervida
1560 2095 1734 2147 vexit.

269 2177 499 2244 Iamque
527 2178 854 2230 rubescebat
883 2178 1050 2229 radiis
1080 2196 1245 2241 mare,
1273 2187 1329 2230 et
1355 2179 1577 2230 aethere
1607 2178 1678 2229 ab
1706 2177 1822 2229 alto

195 2259 414 2310 Aurora
442 2260 496 2311 in
526 2262 696 2313 roseis
726 2261 975 2329 fulgebat
1003 2262 1153 2312 lutea
1174 2261 1344 2327 bigis:
1805 2262 1863 2309 26

196 2342 336 2394 Cum
364 2344 515 2394 venti
546 2362 790 2411 posuere,
818 2345 1111 2411 omnisque
1139 2353 1366 2411 repente
1395 2344 1597 2395 resedit

197 2424 404 2487 matus,
430 2434 486 2477 et
514 2427 567 2477 in
598 2428 750 2479 lento
778 2429 1061 2479 luctantur
1090 2444 1365 2478 marmore
1392 2436 1600 2479 tonsae.

197 2509 386 2576 Atque
413 2511 500 2562 hic
528 2513 751 2565 Aeneas
780 2515 1064 2581 ingentem
1092 2530 1166 2563 ex
1194 2530 1434 2579 aequore
1462 2513 1647 2563 lucum

198 2592 480 2659 Prospicit.
539 2595 706 2647 Hunc
735 2597 878 2647 inter
904 2596 1071 2646 fluvio
1099 2595 1395 2646 Tiberinus
1423 2612 1675 2656 amoeno,
1814 2613 1869 2656 30

197 2673 512 2725 Verticibus
540 2678 759 2745 rapidi5‚
785 2686 841 2730 et
868 2678 1042 2729 multa
1070 2678 1243 2728 flavus
1271 2695 1454 2739 arena,

202 2756 265 2805 In
297 2773 445 2807 mare
472 2762 793 2828 prorumpit.
854 2761 1058 2812 Variae
1083 2760 1401 2826 circumque
1428 2776 1706 2827 supraque

203 2837 488 2892 Adsuetae
516 2843 647 2910 ripis
673 2845 922 2896 volucres
950 2852 1006 2895 et
1028 2843 1269 2893 fluminis
1298 2844 1458 2895 alveo

204 2920 450 2973 Aethera
478 2926 796 2979 mulcebant
823 2934 1005 2988 cantU‚
1041 2926 1275 2992 lucoque
1302 2926 1582 2978 volabant.

1000 3028 1079 3070 103
