2090 3362
134 277 205 311 xl.
238 261 382 329 25-56]
542 265 694 312 THE
731 264 1074 314 SHORTER
1112 265 1388 311 AENEID
1715 276 1805 325 157

137 394 301 446 Hanc
329 396 564 462 patriam
596 414 859 464 peperere
887 414 1003 459 su0,
1030 397 1293 448 decorate
1319 395 1593 463 supremis
1754 412 1807 458 25

136 477 479 541 Muneribu5‚
508 487 893 546 maestamque
924 479 1174 531 Euandri
1203 479 1413 547 primus
1442 478 1513 530 ad
1542 477 1735 530 urbem

136 560 396 612 Mittatur
424 560 621 625 Pallas,
648 579 816 629 quern
845 580 956 613 non
985 563 1205 614 virtutis
1234 569 1495 630 egentem

136 642 387 694 Abstulit
415 652 536 695 atra
563 644 683 696 dies
710 654 766 696 et
789 645 980 696 funere
1008 646 1199 696 mersit
1226 644 1471 697 acerb0.’'

205 725 299 778 Sic
327 727 405 777 ait
434 726 775 778 illacrimans
804 728 1112 795 recipitque
1139 727 1210 779 ad
1240 728 1434 779 limina
1460 743 1729 795 gressum,

132 808 346 876 Corpus
374 809 467 860 ubi
494 811 743 861 exanimi
771 811 1017 878 positum
1048 810 1317 862 Pallantis
1345 811 1589 862 Acoetes
1753 828 1809 871 30

79 897 82 899 ’
134 891 407 944 Servabat
435 892 631 955 senior,
659 893 751 959 qui
783 893 1075 944 Parrhasio
1104 893 1373 944 Euandro

135 975 397 1042 Armiger
422 983 553 1026 ante
581 975 697 1038 fuit,
725 977 822 1027 sed
850 994 961 1027 non
991 976 1242 1027 felicibus
1270 993 1446 1044 aeque

133 1057 278 1109 Tum
306 1076 494 1110 comes
521 1060 782 1127 auspiciis
810 1078 938 1111 caro
964 1060 1131 1111 datus
1159 1060 1276 1111 ibat
1302 1060 1545 1111 alumno,

133 1140 353 1193 Circum
382 1143 563 1193 omnis
591 1142 973 1210 famulumque
1000 1160 1199 1194 manus
1226 1143 1580 1208 Troianaque
1606 1140 1770 1192 turba

134 1224 208 1275 Et
236 1233 509 1276 maestum
543 1225 747 1277 Iliades
776 1226 984 1277 crinem
1013 1226 1084 1277 de
1111 1242 1265 1276 more
1292 1225 1522 1277 solutae.
1751 1241 1803 1286 35

134 1307 214 1359 Ut
238 1325 368 1359 vero
397 1308 621 1359 Aeneas
649 1308 857 1359 foribus
884 1326 1007 1361 sese
1035 1308 1225 1360 intulit
1250 1308 1393 1371 altis,

133 1390 426 1457 Ingentem
455 1391 726 1458 gemitum
755 1392 933 1442 tunsis
961 1391 1032 1442 ad
1061 1390 1244 1442 sidera
1272 1389 1479 1442 tollunt

131 1474 471 1536 Pectoribu5‚
499 1483 823 1540 maestoque
851 1475 1111 1542 immugit
1137 1473 1291 1541 regia
1313 1473 1479 1525 luctu.

135 1556 276 1623 Ipse,
302 1566 471 1624 caput
499 1558 642 1608 nivei
672 1557 870 1609 fultum
903 1557 1172 1608 Pallantis
1199 1565 1256 1608 et
1283 1574 1379 1608 ora

134 1638 214 1690 Ut
240 1638 380 1690 vidit
406 1639 623 1706 levique
649 1648 848 1707 patens
875 1640 930 1690 in
959 1647 1184 1706 pectore
1210 1639 1410 1690 volnus
1744 1657 1804 1698 40

58 1723 67 1731 '
132 1720 392 1788 Cuspidis
421 1721 720 1784 Ausoniae,
749 1722 989 1773 lacrimis
1016 1721 1094 1772 ita
1121 1721 1267 1772 fatur
1293 1721 1528 1772 obortis:

129 1807 154 1828 “
177 1803 376 1866 Tene,’'
403 1804 596 1870 inquit,
624 1804 983 1856 “miserande
1011 1821 1160 1871 puer,
1187 1820 1314 1855 cum
1342 1804 1488 1855 laeta
1514 1803 1742 1864 veniret,

134 1884 339 1937 Invidit
370 1886 617 1938 Fortuna
645 1887 795 1948 mihi,
822 1903 893 1937 ne
920 1903 1091 1953 regna
1118 1885 1334 1937 videres

132 1968 353 2030 Nostra,
381 1985 560 2035 neque
585 1968 655 2019 ad
685 1968 845 2020 sedes
873 1969 1049 2020 victor
1075 1969 1336 2019 veherere
1363 1971 1654 2035 paternas?

131 2051 259 2102 Non
288 2052 424 2103 haec
454 2051 723 2103 Euandro
750 2052 821 2103 de
848 2060 903 2103 te
931 2051 1205 2119 promissa
1232 2050 1448 2118 parenti
1742 2067 1797 2112 45

131 2134 439 2185 Discedens
466 2134 746 2196 dederam,
773 2152 900 2186 cum
930 2152 1018 2186 me
1045 2134 1375 2202 complexus
1403 2140 1627 2184 euntem

130 2217 380 2268 Mitteret
408 2217 462 2268 in
492 2234 759 2284 magnum
782 2218 1094 2286 imperium,
1122 2225 1487 2281 metuensque
1516 2223 1766 2266 moneret

130 2299 301 2350 Acres
330 2317 450 2351 esse
475 2300 637 2362 vir05‚
665 2317 791 2351 cum
820 2299 959 2351 dura
987 2298 1197 2366 proelia
1223 2305 1404 2365 gente.

128 2381 203 2432 Et
230 2398 375 2433 nunc
402 2382 492 2433 ille
518 2382 745 2449 quidem
774 2399 873 2450 spe
901 2382 1138 2433 multum
1166 2388 1363 2448 captus
1392 2379 1541 2430 inani

129 2463 264 2514 Fors
291 2473 347 2515 et
374 2473 502 2516 vota
530 2465 676 2526 facit,
703 2464 1062 2530 cumulatque
1089 2463 1288 2514 altaria
1313 2462 1500 2523 donis;
1743 2479 1796 2524 50

129 2545 246 2596 Nos
273 2546 525 2598 iuvenem
554 2548 881 2599 exanimum
910 2554 964 2598 et
993 2547 1068 2597 nil
1098 2547 1208 2596 iam
1238 2543 1568 2596 caelestibus
1599 2543 1722 2594 ullis

127 2628 441 2680 Debentem
470 2647 615 2680 vano
643 2631 840 2681 maesti
868 2630 1202 2680 comitamur
1229 2628 1451 2679 honore.

130 2710 349 2773 Infelix,
376 2712 490 2762 nati
520 2712 683 2763 funus
711 2712 934 2764 crudele
961 2711 1198 2763 videbis!

130 2792 205 2842 Hi
236 2793 408 2843 nostri
435 2793 659 2857 redituS,
684 2795 1110 2862 exspectatique
1137 2791 1435 2859 triumphi?

130 2875 287 2926 Haec
316 2892 439 2926 mea
468 2892 671 2942 magna
698 2876 867 2927 fides?
910 2876 989 2928 At
1018 2893 1146 2938 non,
1176 2874 1453 2935 Euandre,
1479 2873 1755 2940 pudendis

125 2957 462 3008 Volneribus
490 2958 710 3025 pulsum
740 2960 1000 3026 aspicies;
1042 2975 1142 3009 nec
1171 2957 1380 3023 sospite
1401 2955 1586 3007 dirum
1738 2963 1793 3019 56
