2090 3362
2013 0 2067 146 la

307 179 369 224 82
721 176 873 223 THE
909 175 1247 224 SHORTER
1284 175 1558 222 AENEID
1699 172 1770 235 [v.
1797 178 1969 228 846-871
2040 159 2062 201 4

312 308 440 375 Ipse
465 324 571 374 ego
597 305 879 373 paulisper
904 322 1005 373 pro
1031 313 1087 357 te
1113 313 1210 358 tua
1237 322 1466 357 munera
1493 302 1690 356 inib0.''

310 390 411 443 Cui
439 390 538 440 vix
564 388 828 440 attollens
858 388 1150 440 Palinurus
1177 388 1389 439 lumina
1416 388 1587 439 fatur:

307 476 334 498 “
355 472 523 523 Mene
550 470 680 522 salis
708 470 912 538 placidi
938 470 1153 522 voltum
1181 470 1492 537 fluctusque
1518 470 1736 537 quietos

313 553 577 621 Ignorare
603 552 792 604 iubes?
830 569 993 604 mene
1018 553 1144 604 huic
1172 552 1452 604 confidere
1479 554 1762 604 monstro?

311 636 546 688 Aenean
574 634 797 687 credam
825 635 960 703 quid
988 635 1137 687 enim
1166 635 1455 687 fallacibus
1482 635 1630 687 auris
1893 640 1980 696 850
2055 624 2064 636 ’

313 719 390 771 Et
416 718 555 770 caeli
581 718 789 770 totiens
815 717 1084 785 deceptus
1112 718 1306 770 fraude
1333 719 1543 770 sereni?
1562 719 1588 739 ''
2043 719 2065 782 fl

312 801 476 853 Talia
502 801 652 853 dicta
679 800 867 863 dabat,
894 799 1225 868 clavumque
1251 800 1456 852 affixus
1482 808 1538 852 et
1564 801 1797 852 haerens
2050 786 2090 859 lt

315 884 608 951 Nusquam
636 882 950 946 amittebat,
975 882 1276 950 oculosque
1302 884 1407 935 sub
1431 891 1580 936 astra
1606 883 1846 935 tenebat.

314 967 462 1018 Ecce
489 966 627 1018 deus
653 983 870 1018 ramum
900 966 1152 1018 Lethaeo
1179 984 1300 1018 rore
1328 967 1649 1019 madentem

314 1050 500 1117 Vique
525 1056 850 1118 soporatum
880 1049 1082 1117 Stygia
1109 1066 1274 1117 super
1299 1057 1533 1117 utraque
1559 1056 1787 1116 quassat
1898 1055 1952 1111 85
1959 1065 1982 1111 5

313 1132 611 1200 Tempora,
638 1131 1037 1198 cunctantique
1064 1131 1319 1183 natantia
1346 1132 1559 1183 lumina
1586 1131 1766 1183 solvit.

313 1215 433 1266 Vix
460 1215 672 1283 primos
699 1214 931 1282 inopina
956 1214 1115 1281 quies
1143 1214 1434 1267 laxaverat
1461 1222 1641 1267 artus:

317 1298 393 1349 Et
419 1296 915 1364 superincumbens
941 1314 1067 1348 cum
1096 1298 1300 1365 puppis
1327 1306 1486 1366 parte
1512 1298 1727 1349 revolsa

316 1380 570 1447 Cumque
595 1379 935 1448 gubernaclo
963 1380 1202 1447 liquidas
1229 1381 1460 1448 proiecit
1487 1382 1543 1432 in
1572 1381 1750 1433 undas

318 1463 684 1530 Praecipitem
713 1479 777 1514 ac
803 1463 984 1515 socios
1010 1464 1351 1531 nequiquam
1379 1481 1546 1532 saepe
1570 1471 1866 1516 vocantem
1881 1481 1893 1527 ;

321 1546 449 1613 Ipse
473 1544 667 1596 volans
694 1552 890 1596 tenues
916 1562 976 1596 se
1003 1545 1227 1597 sustulit
1253 1545 1369 1597 ales
1396 1545 1469 1597 ad
1498 1564 1672 1598 auras,
1901 1551 1981 1597 861

318 1627 503 1681 Currit
529 1627 634 1679 iter
658 1634 843 1679 tutum
872 1644 985 1678 non
1013 1628 1186 1678 setius
1213 1644 1453 1694 aequore
1481 1628 1686 1692 classiS,

320 1711 725 1776 Promissisque
751 1709 925 1777 patris
955 1710 1206 1777 Neptuni
1234 1710 1487 1762 interrita
1515 1710 1700 1762 fertur.

324 1793 554 1859 lamque
579 1791 721 1843 adeo
748 1791 1008 1859 scopulos
1037 1791 1296 1844 Sirenum
1325 1792 1560 1844 advecta
1587 1793 1827 1855 subibat,

321 1875 591 1926 Difficiles
618 1874 902 1941 quondam
932 1875 1348 1942 multorumque
1375 1876 1593 1927 ossibus
1619 1875 1792 1938 albos,
1904 1881 1988 1940 865

321 1959 469 2010 Tum
498 1975 663 2009 rauca
688 1958 913 2010 assiduo
941 1958 1108 2025 longe
1134 1958 1250 2009 sale
1277 1976 1418 2009 saxa
1445 1958 1748 2009 sonabant:

324 2041 465 2094 Cum
493 2048 651 2108 pater
677 2040 885 2091 amisso
914 2040 1225 2092 fluitantem
1254 2058 1436 2092 errare
1463 2041 1732 2108 magistro

325 2123 529 2186 Sensit,
555 2130 612 2174 et
638 2123 757 2190 ipse
786 2130 962 2175 ratem
991 2124 1277 2175 nocturnis
1305 2124 1452 2175 rexit
1480 2124 1537 2174 in
1565 2123 1744 2185 undiS‚

2048 1750 2061 1829 ³ss

327 2206 510 2257 Multa
535 2223 781 2273 gemenS‚
809 2223 1051 2272 casuque
1078 2207 1327 2257 animum
1355 2223 1654 2257 concussus
1681 2205 1869 2257 amici:

325 2293 350 2314 “
371 2289 422 2341 O
450 2289 684 2339 nimium
713 2289 867 2340 caelo
893 2297 950 2340 et
975 2289 1177 2356 pelago
1204 2288 1412 2340 confise
1438 2306 1650 2351 serenO,
1906 2297 1992 2350 870

330 2371 529 2422 Nudus
557 2371 612 2421 in
641 2371 850 2437 ignota,
880 2370 1153 2433 Palinure,
1181 2370 1385 2422 iacebis
1412 2370 1625 2422 arena.''

915 2629 1046 2669 END
1072 2629 1151 2670 OF
1179 2629 1346 2670 BOOK
1372 2630 1412 2668 V
