2090 3362
86 190 138 224 11.
168 173 364 241 725-751]
500 177 651 223 THE
688 175 1027 224 SHORTER
1063 174 1338 222 AENEID
1692 186 1750 232 31

75 314 303 374 prosper
327 306 382 357 it.
435 305 505 356 In
530 322 752 355 answer
775 312 825 354 to
851 303 938 354 leis
949 312 1159 369 prayer
1171 303 1257 353 tlte
1284 300 1522 352 thunder
1536 298 1764 350 crashed

85 396 151 430 on
177 395 279 429 our
300 378 410 443 left,
436 378 555 428 and
581 395 616 428 a
652 384 776 428 star
797 375 919 426 shot
953 392 1081 426 over
1101 393 1182 437 us,
1208 372 1447 439 trailz'ng
1476 390 1512 423 a
1538 370 1679 438 path
1703 372 1772 436 of

87 450 230 518 lig-ht
275 450 517 501 towards
566 448 653 500 the
685 449 893 513 forests
942 448 1013 512 of
1050 448 1127 497 M
1123 455 1256 497 ount
1300 445 1421 497 Ida.
1491 443 1758 494 Anchises

86 522 451 589 straightway
493 521 626 572 bade
662 538 727 572 us
761 520 957 585 follow
1002 520 1076 570 its
1112 518 1400 586 gleaming
1434 517 1603 579 wake,
1646 514 1766 566 and

71 594 233 662 forth
259 612 341 645 we
349 595 529 660 sared
532 595 687 658 from
717 592 803 644 the
828 592 1072 658 burning
1091 594 1210 656 city,
1232 591 1318 641 the
1337 590 1433 641 old
1450 606 1580 640 man
1601 588 1758 639 borne

87 676 224 733 upon
263 684 353 732 my
393 666 685 728 shouldem,
728 664 846 715 and
876 664 1152 715 Ascanius
1187 662 1433 728 clasping
1467 679 1558 727 my
1593 659 1758 719 hand,

88 739 250 790 while
291 738 492 790 behind
513 738 779 803 followed
817 737 1019 790 Creusa
1061 735 1180 786 and
1213 736 1296 786 all
1334 752 1424 798 my
1459 732 1759 794 houselzold‚

87 811 269 863 bound
272 812 376 876 for
397 810 485 861 tlte
507 818 625 877 spot
650 809 770 861 that
793 809 832 860 I
851 808 968 859 had
987 807 1278 875 appointed
1295 806 1450 858 them.

598 991 624 1013 “
645 987 897 1038 Ferimur
923 1003 1021 1053 per
1046 1002 1223 1052 opaca
1250 985 1525 1049 locorum;
1672 1003 1756 1049 725

90 1072 167 1122 Et
193 1088 296 1133 me,
321 1087 487 1137 quem
516 1069 730 1121 dudum
758 1086 871 1120 non
898 1068 1013 1119 ulla
1039 1069 1243 1119 iniecta
1270 1069 1572 1120 movebant

87 1154 226 1206 Tela
253 1170 432 1221 neque
458 1153 692 1204 adverso
718 1151 1011 1219 glomerati
1039 1169 1112 1203 ex
1139 1152 1364 1219 agmine
1391 1151 1559 1214 Graii,

91 1237 254 1287 Nunc
281 1252 475 1287 omnes
502 1243 710 1287 terrent
737 1252 918 1298 aurae,
945 1252 1114 1286 sonus
1141 1234 1355 1286 excitat
1382 1234 1564 1284 omnis

89 1319 435 1386 Suspensum
463 1327 520 1370 et
547 1319 752 1386 pariter
777 1319 1080 1384 comitique
1106 1318 1371 1384 onerique
1396 1318 1703 1369 timentem.

162 1402 442 1468 “Iamque
477 1400 922 1468 propinquabam
952 1400 1142 1468 portiS‚
1169 1417 1507 1466 omnemque
1532 1398 1761 1451 videbar

92 1484 351 1536 Evasisse
375 1484 543 1547 viam,
567 1485 752 1535 subito
779 1501 906 1535 cum
936 1484 1126 1535 creber
1152 1483 1223 1534 ad
1251 1501 1410 1535 aures
1673 1502 1754 1546 731

90 1568 260 1620 Visus
286 1567 482 1619 adesse
508 1567 715 1635 pedum
743 1568 973 1630 sonitUS,
1000 1568 1329 1635 genitorque
1355 1585 1453 1634 per
1480 1567 1733 1619 umbram

93 1651 457 1718 ProspicienS,
475 1654 486 1676 ‘
498 1651 549 1701 N
555 1652 677 1714 ate,’
698 1651 998 1714 exclamat,
1015 1651 1347 1718 ‘fuge,nate;
1366 1650 1759 1718 propinquant.

92 1734 373 1786 Ardentes
401 1734 607 1800 clipeos
634 1742 804 1800 atque
830 1751 960 1785 aera
988 1734 1254 1785 micantia
1281 1750 1464 1784 cerno.

96 1817 204 1868 Hic
232 1817 366 1868 mihi
394 1817 581 1867 nescio
608 1816 758 1883 quod
787 1815 1008 1883 trepido
1036 1815 1182 1867 male
1207 1833 1416 1867 numen
1444 1817 1685 1867 amicum

94 1899 396 1952 Confusam
426 1899 628 1966 eripuit
656 1906 919 1950 mentem.
978 1898 1238 1965 Namque
1264 1899 1388 1950 avia
1414 1916 1575 1950 cursu
1675 1906 1763 1960 736

96 1982 247 2033 Dum
275 1998 476 2048 sequor
501 1989 559 2033 et
586 1989 721 2032 nota
746 1980 964 2032 excedo
991 1982 1217 2048 regione
1243 1982 1473 2044 viarum,

98 2065 248 2116 Heu!
290 2065 490 2116 misero
516 2065 764 2115 coniunx
792 2064 983 2116 fatone
1008 2072 1198 2132 erepta
1227 2064 1434 2115 Creusa

95 2147 374 2210 Substitit,
399 2149 674 2199 erravitne
699 2147 804 2210 via,
831 2164 928 2198 seu
955 2147 1103 2198 lassa
1128 2146 1347 2209 resedit,

100 2231 377 2283 Incertum
395 2249 407 2294 ;
446 2247 547 2282 nec
569 2239 697 2297 post
718 2230 891 2281 oculis
912 2237 997 2281 est
1023 2229 1241 2281 reddita
1267 2230 1483 2280 nostris,
1522 2270 1533 2280 .
1574 2270 1585 2281 .
1625 2271 1635 2282 .
1675 2248 1763 2291 740

97 2311 279 2380 Quem
344 2329 455 2363 non
513 2312 759 2363 incusavi
810 2329 1002 2363 amens
1053 2311 1455 2378 hominumque
1506 2311 1762 2363 deorum-

311 2412 435 2461 que,
1676 2411 1761 2458 745

99 2476 217 2528 Aut
242 2475 376 2543 quid
403 2476 458 2527 in
486 2493 677 2527 eversa
703 2475 816 2528 vidi
842 2476 1116 2527 crudelius
1144 2475 1307 2526 urbe?

99 2559 405 2610 Ascanium
434 2558 834 2626 Anchisenque
860 2567 1076 2626 patrem
1105 2558 1461 2624 Teucrosque
1490 2558 1726 2610 Penates

99 2640 448 2693 Commendo
474 2641 637 2692 sociis
664 2650 720 2692 et
747 2631 913 2693 curva
939 2640 1083 2692 valle
1110 2639 1378 2703 recondo;

103 2723 229 2790 Ipse
257 2723 446 2774 urbem
475 2731 668 2790 repeto
694 2731 751 2775 et
776 2724 969 2790 cingor
997 2722 1337 2788 fulgentibus
1364 2724 1544 2774 armiS.

100 2804 225 2857 Stat
251 2822 410 2856 casus
436 2821 703 2856 renovare
729 2822 941 2867 omneS‚
966 2821 1306 2870 omnemque
1332 2805 1529 2856 reverti
1677 2824 1765 2869 750

104 2887 206 2938 Per
233 2887 476 2950 Troiam,
501 2895 558 2939 et
585 2904 770 2938 rursus
798 2895 966 2955 caput
992 2888 1271 2939 obiectare
1296 2887 1528 2955 periclis,
