2090 3362
885 726 1142 787 BOOK
1193 727 1254 786 II

387 896 862 949 ONTICUERE
889 913 1102 960 omneS‚
1130 896 1444 963 intentique
1469 914 1566 948 ora
1591 898 1876 950 tenebant.

426 978 565 1030 Inde
590 987 713 1030 toro
741 987 898 1046 pater
925 980 1150 1031 Aeneas
1177 980 1255 1030 sic
1282 996 1439 1030 orsus
1464 979 1536 1031 ab
1562 980 1701 1032 alto:

313 1065 340 1087 “
361 1061 679 1125 Infandum,
707 1062 942 1129 Regina,
970 1062 1126 1113 iubes
1154 1079 1418 1113 renovare
1444 1061 1710 1126 dolorem,

242 1144 513 1196 Troianas
542 1153 602 1197 ut
629 1162 764 1213 opes
791 1153 849 1197 et
877 1144 1238 1197 lamentabile
1265 1162 1497 1212 regnum

242 1227 504 1279 Eruerint
532 1228 741 1291 Danai;
781 1245 1035 1295 quaeque
1062 1228 1181 1295 ipse
1208 1227 1514 1279 miserrima
1540 1228 1669 1292 vidi,
1890 1247 1911 1293 5

242 1310 319 1362 Et
344 1328 582 1377 quorum
611 1329 740 1379 pars
769 1328 975 1379 magna
1003 1311 1095 1363 fui.
1158 1310 1298 1378 Quis
1326 1310 1460 1362 talia
1489 1311 1658 1362 fando

243 1394 665 1460 Myrmidonum
697 1394 1055 1462 Dolopumve
1081 1402 1179 1445 aut
1205 1393 1327 1444 duri
1357 1393 1514 1445 miles
1545 1394 1704 1447 Ulixi

241 1476 542 1544 Temperet
569 1495 602 1528 a
628 1477 897 1528 lacrimis?
936 1484 992 1528 et
1018 1478 1129 1528 iam
1157 1493 1274 1527 nox
1302 1476 1532 1528 humida
1559 1477 1714 1528 caelo

242 1559 591 1627 Praecipitat,
618 1559 967 1627 suadentque
993 1559 1252 1611 cadentia
1279 1559 1462 1611 sidera
1489 1577 1729 1612 somnos,

241 1643 353 1696 Sed
381 1644 426 1695 si
454 1652 642 1696 tantus
670 1661 828 1696 amor
853 1661 1014 1695 casus
1042 1661 1381 1711 cognoscere
1408 1651 1629 1695 nostros
1859 1665 1913 1696 10

241 1727 317 1777 Et
343 1727 581 1779 breviter
608 1728 810 1778 Troiae
836 1744 1159 1795 supremum
1188 1727 1381 1779 audire
1409 1727 1672 1790 laborem,

241 1809 599 1878 Quamquam
641 1810 860 1862 animus
907 1810 1226 1862 meminisse
1277 1811 1479 1873 horret,
1525 1811 1789 1878 luctuque
1830 1828 1911 1862 re-

457 1893 613 1961 fugit,

244 1976 529 2043 Incipiam.

578 2058 761 2110 Fracti
790 2057 937 2110 bello
965 2058 1204 2123 fatisque
1231 2058 1434 2125 repulsi

240 2142 515 2194 Ductores
544 2142 820 2203 Danaum,
847 2149 933 2192 tot
959 2142 1068 2191 iam
1098 2140 1412 2192 labentibus
1439 2141 1613 2203 anniS‚

242 2225 425 2276 Instar
451 2225 656 2276 montis
684 2241 889 2290 equum
917 2223 1104 2274 divina
1134 2223 1374 2274 Palladis
1402 2231 1519 2274 arte
1858 2241 1906 2287 15

241 2307 575 2370 Aedificant,
601 2314 861 2373 sectaque
889 2307 1151 2357 intexunt
1178 2306 1359 2357 abiete
1387 2313 1593 2368 costas;

239 2392 452 2443 Votum
480 2408 581 2458 pro
608 2389 787 2441 reditu
814 2388 1103 2451 simulant3
1144 2406 1210 2439 ea
1236 2388 1386 2439 fama
1410 2396 1656 2456 vagatur.

243 2474 370 2525 Huc
396 2473 611 2525 delecta
637 2472 815 2524 virum
843 2471 1019 2522 sortiti
1048 2487 1280 2537 corpora
1307 2470 1495 2521 furtim

244 2555 544 2607 Includunt
570 2571 734 2606 caeco
763 2553 936 2614 lateri,
963 2553 1296 2620 penitusque
1323 2570 1585 2604 cavernas

245 2638 505 2703 Ingentes
534 2645 865 2702 uterumque
891 2643 1107 2685 armato
1135 2634 1309 2685 milite
1336 2635 1632 2702 complent.
1850 2657 1907 2687 20

313 2796 372 2832 21
385 2814 404 2821 -
411 2797 489 2848 39.
530 2787 556 2808 “
582 2782 632 2833 T
629 2782 692 2833 [τε
717 2781 890 2833 Greek
915 2780 1035 2831 host
1058 2779 1342 2831 therewz'tlc
1360 2790 1441 2831 set
1455 2781 1569 2833 saz‘l
1584 2791 1634 2832 to
1659 2783 1905 2847 Tenedos,

239 2854 357 2904 and
393 2855 474 2904 all
524 2855 663 2919 Troy
706 2853 982 2905 streamed
1004 2851 1168 2918 forth
1209 2860 1262 2902 to
1306 2852 1446 2903 view
1491 2854 1635 2905 their
1669 2855 1912 2907 deserted

238 2934 403 2992 camp,
432 2925 518 2976 the
557 2926 851 2976 roadstead
880 2926 948 2990 of
973 2924 1116 2975 their
1140 2923 1284 2993 fleet,
1316 2925 1433 2975 and
1463 2926 1550 2977 the
1578 2935 1695 2993 spot
1731 2928 1908 2979 where

1063 3014 1115 3059 16
