2090 3362
314 215 374 259 32
728 199 878 246 THE
915 198 1256 247 SHORTER
1292 199 1566 246 AENEID
1705 197 1779 265 [11.
1809 207 1986 257 768-794

385 342 416 394 7
425 330 638 395 52-767.
677 333 703 354 “
720 328 759 379 I
778 328 1042 380 threaded
1071 346 1159 394 my
1185 347 1308 395 way
1334 330 1391 381 in
1419 331 1507 382 tlze
1531 330 1794 381 darkness
1819 338 1870 381 to
1896 348 1986 396 my

312 419 434 452 own
477 402 650 463 house,
696 401 792 452 but
823 401 1016 466 found
1052 401 1136 452 all
1169 401 1227 452 z'n
1268 402 1356 453 the
1387 412 1558 470 grasp
1597 404 1665 468 of
1688 402 1993 470 devourz‘ng

297 473 497 542 flames
506 492 530 532 ,·
571 473 694 524 tlzen
721 481 772 523 to
797 472 1043 524 Prz‘am's
1055 474 1261 539 pellace,
1288 474 1468 526 wlzere
1492 476 1646 526 stood
1667 474 1754 526 tlze
1785 473 1985 526 Greeks

301 546 588 612 guardz'ng
609 545 754 596 their
773 545 922 611 spoil,
952 546 1115 597 amz'd
1143 564 1178 596 a
1204 545 1403 614 throng
1424 549 1493 613 of
1516 547 1762 615 terrz'fied
1780 564 1983 599 women

311 617 429 668 and
446 617 701 669 children.

312 751 500 803 Ausus
527 752 662 819 quin
689 752 858 804 etiam
886 769 1050 804 voces
1078 752 1283 805 iactare
1308 771 1406 821 per
1434 754 1687 805 umbram

315 835 551 903 Implevi
581 835 826 886 clamore
851 835 986 898 via3‚
1014 843 1375 903 maestusque
1404 836 1671 889 Creusam

313 918 668 984 Nequiquam
697 918 1050 984 ingeminans
1077 918 1391 985 iterumque
1417 919 1729 987 iterumque
1754 921 1967 972 vocavi.

312 1000 615 1069 Quaerenti
643 1007 699 1052 et
726 1001 888 1052 tectis
917 1000 1066 1051 urbis
1093 1001 1214 1052 sine
1239 1000 1350 1053 fine
1376 1001 1579 1054 furenti
1897 1021 1979 1066 771

315 1082 520 1134 Infelix
549 1082 905 1135 simulacrum
934 1091 1103 1151 atque
1130 1083 1303 1151 ipsius
1329 1083 1525 1135 umbra
1554 1084 1799 1137 Creusae—

310 1166 450 1217 Visa
479 1166 614 1217 mihi
643 1174 775 1218 ante
802 1166 994 1218 oculos
1021 1174 1079 1218 et
1106 1175 1241 1219 nota
1268 1168 1443 1218 maior
1471 1168 1671 1235 imago,

312 1249 591 1317 Obstipui,
618 1257 1004 1317 steteruntque
1030 1266 1226 1302 comae
1252 1258 1308 1302 et
1334 1268 1449 1302 vox
1476 1250 1729 1302 faucibus
1756 1251 1949 1304 haesit.

310 1333 458 1384 Tum
486 1333 563 1383 sic
590 1332 766 1384 adfari
793 1340 849 1385 et
876 1350 1033 1385 curas
1061 1333 1146 1384 his
1173 1333 1397 1385 demere
1423 1333 1612 1386 dictis:
1899 1353 1984 1399 775

310 1420 321 1441 ‘
344 1415 495 1484 Quid
524 1423 743 1468 tantum
772 1416 969 1467 insano
996 1416 1149 1468 iuvat
1175 1415 1464 1483 indulgere
1490 1415 1683 1479 dolori,

312 1498 364 1552 O
392 1499 569 1551 dulcis
596 1500 876 1551 coniunx?
917 1515 1027 1550 non
1057 1499 1193 1550 haec
1221 1500 1340 1550 sine
1368 1498 1596 1550 numine
1622 1498 1811 1551 divom

313 1582 621 1646 Eveniunt;
662 1599 761 1634 nec
789 1590 845 1634 te
872 1582 1002 1633 hinc
1030 1582 1295 1633 comitem
1323 1589 1609 1649 asportare
1638 1581 1902 1634 Creusam

313 1664 421 1716 Fas
449 1672 544 1716 aut
571 1664 663 1716 ille
691 1665 824 1717 sinit
853 1665 1038 1733 superi
1067 1672 1329 1732 regnator
1357 1664 1605 1732 Olympi.

312 1748 510 1815 Longa
536 1748 636 1800 tibi
664 1747 881 1810 exsilia,
907 1755 964 1800 et
990 1755 1212 1799 vastum
1243 1748 1411 1799 maris
1437 1764 1646 1814 aequor
1672 1747 1959 1811 arandum,

313 1831 389 1883 Et
415 1839 617 1883 terram
650 1832 985 1899 Hesperiam
1013 1831 1218 1894 venieS,
1246 1830 1339 1882 ubi
1371 1830 1585 1898 Lydius
1613 1847 1745 1882 arva
1898 1839 1977 1893 781

314 1914 467 1966 Inter
492 1914 682 1982 opima
709 1914 887 1965 virum
917 1914 1026 1965 leni
1054 1913 1176 1965 fluit
1204 1914 1427 1981 agmine
1455 1912 1722 1980 Thybris:

315 1996 434 2047 Illic
461 2013 546 2048 res
574 1996 753 2049 laetae
780 2013 1126 2064 regnumque
1153 2005 1208 2048 et
1235 1996 1386 2063 regia
1412 1996 1658 2047 coniunx

313 2081 479 2132 Parta
505 2080 620 2132 tibi.
677 2080 965 2132 Lacrimas
993 2080 1232 2131 dilectae
1259 2079 1403 2147 pelle
1431 2079 1693 2131 Creusae:

313 2162 442 2214 Non
471 2179 576 2229 ego
606 2162 1029 2230 Myrmidonum
1057 2162 1218 2213 sedes
1247 2161 1602 2229 Dolopumve
1629 2161 1894 2228 superbas

313 2245 618 2313 Aspiciam,
644 2253 741 2297 aut
769 2245 951 2297 Graiis
977 2245 1242 2296 servitum
1273 2243 1543 2295 matribus
1571 2242 1677 2305 ib0‚
1898 2252 1984 2308 786

314 2327 610 2388 Dardani5‚
635 2335 692 2379 et
718 2327 881 2378 divae
908 2326 1145 2378 Veneris
1172 2342 1369 2387 nurus3

314 2410 426 2463 Sed
456 2427 544 2462 me
572 2427 776 2477 magna
803 2409 970 2461 deum
1000 2409 1272 2461 Genetrix
1299 2407 1384 2458 his
1411 2407 1626 2458 detinet
1653 2408 1774 2459 oris

318 2493 549 2559 Iamque
573 2492 711 2556 vale,
738 2499 794 2543 et
821 2492 938 2543 nati
967 2508 1125 2542 serva
1151 2491 1464 2541 communis
1490 2490 1778 2541 amorem.'

318 2575 474 2626 Haec
502 2575 595 2626 ubi
623 2575 774 2626 dicta
801 2574 971 2637 dedit,
999 2574 1383 2625 lacrimantem
1411 2580 1467 2624 et
1500 2572 1675 2623 multa
1700 2572 1979 2625 volentem
2058 2573 2062 2576 ’

316 2659 515 2710 Dicere
541 2658 798 2721 deseruit,
825 2665 1130 2724 tenuesque
1158 2657 1382 2707 recessit
1408 2656 1464 2706 in
1491 2672 1665 2707 auras,
1895 2675 1975 2720 791

315 2741 425 2792 Ter
450 2749 681 2792 conatus
709 2741 785 2792 ibi
813 2740 958 2792 collo
985 2739 1118 2791 dare
1144 2738 1401 2790 bracchia
1428 2738 1658 2789 circum:

315 2822 427 2873 Ter
453 2823 652 2874 frustra
680 2839 988 2889 conprensa
1016 2838 1213 2872 manus
1239 2819 1436 2887 effugit
1462 2820 1663 2886 imag0‚

318 2906 423 2955 Par
450 2905 660 2956 levibus
687 2906 868 2956 ventis
895 2905 1211 2970 volucrique
1239 2902 1521 2953 simillima
1548 2919 1759 2953 somno,
