2090 3362
219 239 280 282 92
635 222 786 268 THE
825 220 1166 269 SHORTER
1204 220 1479 268 AENEID
1590 218 1681 280 [v1.
1709 233 1884 275 419-455

218 350 322 403 Cui
350 359 520 413 vateS,
547 351 769 402 horrere
796 349 990 401 videns
1017 351 1127 401 iam
1156 350 1299 401 colla
1326 349 1579 410 colubriS,

217 433 386 484 Melle
413 440 734 500 soporatam
762 441 819 483 et
846 433 1137 484 medicatis
1165 432 1414 499 frugibus
1441 431 1609 482 offam
1799 448 1887 490 420

215 515 440 568 Obiicit.
498 515 599 567 [lle
628 515 775 566 same
802 514 998 567 rabida
1024 516 1130 567 tria
1156 523 1384 583 guttura
1413 514 1668 583 pandens

217 598 458 666 Corripit
487 598 784 661 obiectam,
810 605 980 664 atque
1008 598 1277 649 immania
1304 606 1462 664 terga
1489 596 1717 648 resolvit

216 680 396 731 Fusus
422 681 593 743 humi,
620 688 854 747 totoque
881 681 1078 748 ingens
1105 680 1432 732 extenditur
1453 687 1628 731 antro,

214 762 471 831 Occupat
500 763 723 815 Aeneas
751 763 967 815 aditum
996 763 1229 815 custode
1256 763 1489 831 sepultO,

214 846 533 913 Evaditque
560 846 706 898 celer
730 848 909 914 ripam
939 846 1312 898 inremeabilis
1340 846 1535 897 undae.
1799 863 1883 907 425

286 929 570 981 Continuo
597 929 824 981 auditae
849 947 1014 981 voces
1039 931 1261 996 vagitus
1287 937 1344 981 et
1372 931 1567 996 ingens

215 1011 617 1079 Infantumque
643 1013 865 1064 animae
891 1012 1088 1064 flentes
1116 1014 1171 1064 in
1201 1012 1392 1064 limine
1419 1013 1615 1080 prim0‚

213 1093 371 1161 Quos
400 1094 578 1146 dulcis
605 1096 756 1147 vitae
781 1103 1036 1147 exsortes
1063 1103 1120 1147 et
1147 1095 1218 1146 ab
1246 1095 1415 1146 ubere
1442 1103 1631 1162 raptos

212 1179 467 1231 Abstulit
494 1187 614 1230 atra
641 1179 759 1231 dies
787 1187 844 1231 et
871 1179 1063 1231 funere
1090 1180 1279 1231 mersit
1307 1179 1520 1231 acerbo,

213 1262 337 1314 Hos
364 1264 525 1314 iuxta
553 1263 693 1314 falso
721 1263 974 1315 damnati
1003 1264 1235 1314 crimine
1261 1264 1468 1314 mortis
1797 1280 1885 1324 430

210 1345 262 1396 N
268 1363 329 1397 ec
357 1362 487 1397 vero
516 1345 621 1397 hae
648 1347 767 1397 sine
794 1353 944 1397 sorte
970 1346 1153 1408 datae,
1181 1346 1300 1396 sine
1327 1345 1524 1408 iudice,
1551 1344 1737 1396 sedes:

212 1427 511 1495 Quaesitor
541 1429 727 1480 Minos
755 1446 951 1479 urnam
981 1436 1195 1492 movet;
1236 1428 1327 1479 ille
1354 1428 1616 1479 silentum

210 1511 636 1578 Conciliumque
663 1520 828 1563 vocat
851 1512 1109 1579 vitasque
1133 1518 1189 1562 et
1216 1511 1449 1562 crimina
1475 1510 1653 1562 discit.

210 1594 476 1645 Proxima
503 1594 708 1645 deinde
733 1602 930 1646 tenent
957 1595 1154 1646 maesti
1183 1594 1320 1656 loca,
1348 1595 1442 1660 qui
1470 1593 1574 1644 sibi
1604 1593 1776 1644 letum

213 1677 471 1729 Insontes
499 1695 764 1745 peperere
792 1695 978 1740 manu,
1005 1677 1301 1744 lucemque
1329 1677 1509 1745 perosi
1796 1695 1880 1738 435

211 1761 499 1812 Proiecere
526 1761 756 1813 animas,
810 1760 997 1828 Quam
1025 1760 1232 1811 vellent
1260 1760 1484 1812 aethere
1510 1760 1565 1810 in
1594 1759 1709 1810 alto

213 1842 378 1893 Nunc
403 1849 459 1894 et
488 1843 810 1910 pauperiem
839 1850 895 1894 et
923 1842 1091 1893 duros
1119 1842 1360 1909 perferre
1387 1841 1627 1893 labores!

210 1925 320 1975 Fas
348 1924 552 1988 obstat,
578 1925 834 1991 tristique
860 1925 1021 1992 palus
1049 1924 1365 1975 inamabilis
1392 1924 1543 1975 unda

213 2007 444 2074 Alligat‚
471 2016 528 2059 et
556 2008 787 2059 noviens
817 2007 966 2075 Styx
992 2007 1261 2059 interfusa
1286 2015 1515 2059 coercet.

210 2090 330 2141 Nec
359 2090 548 2157 procul
577 2091 706 2141 hinc
735 2098 951 2158 partem
981 2090 1084 2141 fusi
1113 2098 1493 2141 monstrantur
1520 2090 1576 2140 in
1605 2106 1830 2140 omnem

212 2173 498 2239 Lugentes
525 2173 707 2241 campi
723 2191 734 2237 ;
775 2173 852 2223 sic
880 2173 1003 2223 illos
1030 2173 1257 2223 nomine
1283 2172 1489 2223 dicunt.
1794 2190 1872 2232 441

214 2255 339 2317 Hic,
366 2273 504 2322 quas
532 2256 703 2307 durus
732 2272 889 2306 amor
915 2255 1123 2306 crudeli
1152 2254 1282 2306 tabe
1310 2254 1538 2321 peredit,

210 2337 423 2389 Secreti
452 2337 635 2388 celant
663 2337 830 2388 calles
858 2344 914 2388 et
943 2344 1159 2403 myrtea
1185 2337 1391 2387 circum

210 2420 364 2472 Silva
391 2421 555 2487 tegit;
597 2437 761 2471 curae
787 2437 898 2470 non
926 2419 1048 2486 ipsa
1075 2420 1130 2469 in
1160 2426 1339 2470 morte
1365 2418 1698 2484 relinquunt.
1740 2460 1750 2470 .
1791 2460 1801 2470 .
1841 2461 1850 2470 .

214 2502 365 2553 Inter
392 2520 530 2568 quas
560 2502 865 2554 Phoenissa
892 2518 1081 2552 recens
1110 2519 1142 2551 a
1167 2500 1392 2552 volnere
1420 2500 1572 2551 Dido
1791 2519 1879 2564 450

212 2585 448 2636 Errabat
478 2585 615 2636 silva
644 2586 697 2635 in
729 2601 958 2652 magna3
997 2601 1164 2650 quam
1194 2583 1395 2634 Troius
1422 2582 1583 2634 heros

212 2667 292 2718 Ut
319 2668 560 2733 primum
590 2669 751 2718 iuxta
778 2668 934 2719 stetit
961 2667 1343 2733 adgnovitque
1370 2683 1467 2733 per
1493 2665 1718 2716 umbras

211 2748 540 2812 Obscuram,
567 2750 790 2816 qualem
819 2750 999 2817 primo
1026 2750 1120 2816 qui
1149 2765 1372 2815 surgere
1399 2765 1589 2799 mense

211 2830 329 2881 Aut
358 2831 523 2894 videt,
551 2840 646 2883 aut
674 2832 879 2883 vidisse
906 2839 1066 2899 putat
1095 2848 1191 2898 per
1217 2831 1407 2881 nubila
1437 2831 1671 2892 Lunam,

211 2912 451 2962 Demisit
480 2913 751 2975 lacrimas,
778 2914 1037 2981 dulcique
1065 2913 1284 2965 adfatus
1313 2930 1501 2964 amore
1527 2921 1634 2964 est:
1787 2930 1874 2975 455
