2090 3362
342 202 436 247 180
755 201 906 248 THE
943 200 1286 250 SHORTER
1322 201 1598 250 AENEID
1681 202 1799 263 [x11.
1828 210 2006 258 617·647

337 330 546 382 Attulit
572 331 718 382 hunc
746 331 823 382 illi
851 332 1029 383 caecis
1056 332 1356 385 terroribus
1383 350 1516 384 aura

336 412 723 464 Commixtum
752 414 1068 478 clamorem,
1094 423 1446 482 arrectasque
1473 415 1696 483 impulit
1724 432 1882 466 aures

337 495 614 547 Confusae
641 513 810 547 sonus
838 497 988 548 urbis
1015 505 1071 550 et
1099 497 1418 550 inlaetabile
1446 516 1705 550 murmur.

336 582 363 604 “
389 579 499 630 Hei
529 579 688 631 mihi!
727 580 860 647 quid
890 588 1051 632 tanto
1077 581 1374 633 turbantur
1402 582 1622 633 moenia
1649 582 1832 632 luctu?
1923 587 2011 631 620

335 660 547 728 Quisve
573 663 682 714 ruit
709 670 898 714 tantus
927 662 1146 715 diversa
1173 664 1383 715 clamor
1409 664 1480 715 ab
1510 665 1643 715 urbe
1665 664 1720 715 ?'’

335 743 429 796 Sic
456 746 550 807 ait,
577 744 946 812 adductisque
974 763 1168 797 amens
1196 746 1448 798 subsistit
1475 747 1723 798 habenis,

336 827 528 894 Atque
553 828 696 891 huie,
724 830 779 879 in
807 829 1003 880 faciem
1032 846 1186 880 soror
1214 837 1274 880 ut
1301 847 1567 882 conversa
1597 830 1816 881 Metisci

337 912 586 980 Aurigae
612 931 944 981 currumque
971 922 1028 966 et
1053 931 1226 981 equos
1253 922 1309 966 et
1338 915 1454 966 lora
1482 914 1724 982 regebat,

335 995 567 1047 Talibus
594 997 831 1048 occurrit
857 997 1045 1049 dictis:
1084 1001 1110 1022 ‘⁶
1137 997 1276 1061 Hae,
1305 997 1508 1060 Turne,
1535 1013 1833 1064 sequamur
1925 1004 2008 1060 625

336 1078 696 1146 TroiugenaS,
723 1097 834 1146 qua
861 1080 1040 1147 prima
1066 1080 1214 1131 viam
1243 1080 1473 1132 victoria
1501 1080 1723 1148 pandit;

337 1162 482 1215 Sunt
509 1163 616 1226 alii,
644 1164 738 1230 qui
764 1171 914 1215 tecta
943 1181 1111 1215 manu
1140 1163 1438 1215 defendere
1466 1164 1697 1231 possint.

339 1246 556 1313 Ingruit
586 1246 808 1298 Aeneas
839 1247 996 1298 Italis
1024 1255 1080 1298 et
1108 1247 1317 1314 proelia
1345 1247 1554 1306 miscet,

338 1328 413 1379 Et
441 1345 542 1379 nos
569 1346 735 1381 saeva
763 1347 930 1380 manu
959 1330 1249 1380 mittamus
1278 1329 1470 1380 funera
1497 1329 1738 1381 Teucris,

338 1410 457 1461 Nec
484 1428 716 1462 numero
744 1412 983 1475 inferior,
1011 1428 1234 1479 pugnae
1262 1429 1362 1462 nec
1390 1412 1601 1463 honore
1629 1411 1898 1463 recedeS.”
1925 1419 2012 1474 630

336 1493 561 1545 Turnus
589 1494 660 1546 ad
688 1495 851 1546 haec:

335 1580 361 1601 “
383 1576 433 1629 O
463 1594 631 1640 soror,
659 1586 714 1629 et
741 1578 953 1630 dudum
983 1578 1244 1646 adgnovi,
1272 1596 1397 1630 cum
1427 1579 1607 1646 prima
1635 1595 1732 1645 per
1759 1586 1936 1630 artem

339 1659 589 1711 Foedera
616 1660 852 1712 turbasti
882 1668 1049 1728 teque
1071 1662 1208 1713 haec
1236 1662 1289 1712 in
1320 1662 1467 1713 bella
1496 1661 1715 1723 dedisti,

339 1742 415 1794 Et
442 1760 588 1794 nunc
616 1744 955 1812 nequiquam
986 1744 1128 1795 fallis
1157 1746 1276 1796 dea.
1333 1744 1446 1797 Sed
1475 1745 1599 1810 quis
1628 1743 1878 1811 Olympo

338 1826 654 1877 Demissam
684 1834 872 1878 tantos
900 1827 1076 1878 voluit
1103 1835 1159 1878 te
1186 1827 1328 1878 ferre
1355 1827 1608 1878 labores?
1924 1833 2009 1889 635

339 1909 430 1960 An
461 1909 642 1960 fratris
670 1909 854 1961 miseri
883 1909 1055 1961 letum
1086 1917 1145 1961 ut
1174 1909 1395 1960 crudele
1416 1909 1663 1960 videres?

340 1992 487 2042 Nam
515 1992 649 2059 quid
678 1997 816 2060 ago?
855 2000 951 2044 aut
978 2009 1122 2058 quae
1151 1992 1261 2043 iam
1300 1991 1541 2059 spondet
1580 1991 1828 2042 Fortuna
1867 1990 2011 2042 salu-

553 2083 668 2126 tem
686 2079 707 2126 ?

338 2156 471 2208 Vidi
498 2157 689 2208 oculos
717 2165 847 2208 ante
875 2157 995 2224 ipse
1023 2175 1177 2209 meos
1205 2174 1294 2208 me
1321 2174 1457 2208 voce
1480 2163 1768 2208 vocantem

340 2241 683 2303 Murranum,
710 2257 821 2306 quo
850 2257 959 2291 non
989 2248 1213 2307 superat
1243 2240 1377 2291 mihi
1406 2239 1582 2289 carior
1607 2239 1758 2300 alter,

339 2322 622 2390 Oppetere
648 2323 933 2390 ingentem
962 2330 1129 2388 atque
1156 2323 1368 2389 ingenti
1396 2322 1619 2372 volnere
1646 2321 1868 2372 victum.
1926 2328 2012 2382 640

339 2405 565 2458 Occidit
591 2404 802 2468 infelix,
829 2422 898 2455 ne
925 2413 1174 2456 nostrum
1202 2404 1443 2455 dedecus
1474 2403 1651 2456 Ufens

340 2488 634 2555 Aspiceret
650 2506 661 2551 ;
702 2487 904 2538 Teucri
933 2488 1223 2554 potiuntur
1250 2503 1478 2552 corpore
1507 2493 1562 2536 et
1589 2486 1769 2536 armis,

342 2570 691 2622 Exscindine
718 2569 1064 2633 domOS,—id
1094 2569 1256 2620 rebus
1284 2568 1460 2619 defuit
1488 2585 1749 2630 unum,—

342 2653 657 2720 Perpetiar?
697 2652 900 2703 dextra
926 2668 1028 2702 nec
1057 2651 1293 2702 Drancis
1320 2650 1469 2701 dicta
1492 2650 1779 2701 refellam?
1925 2657 2012 2711 644
2069 2688 2071 2694 2

340 2735 525 2802 Terga
551 2735 716 2798 dabo,
735 2742 791 2786 et
818 2735 1071 2785 Turnum
1101 2733 1404 2799 fugientem
1434 2733 1570 2784 haec
1598 2741 1743 2785 terra
1770 2732 2011 2784 videbit?

344 2818 537 2884 Usque
563 2817 778 2869 adeone
804 2817 942 2867 mori
971 2816 1231 2867 miserum
1259 2818 1377 2866 est?
1430 2815 1550 2866 Vos
1577 2832 1611 2865 o
1639 2814 1771 2866 mihi
1797 2815 1994 2865 Manes

344 2900 479 2951 Este
506 2900 653 2963 boni,
680 2900 946 2967 quoniam
977 2898 1203 2965 Superis
1232 2914 1422 2948 aversa
1451 2898 1720 2949 voluntas,
